2874 4684
311 375 378 480 «78
527 377 531 384 ·
741 368 867 451 ξ

332 591 444 640 eorum
469 582 688 650 monueram,
710 563 967 647 sed-speciosam
987 585 1056 637 esse
1077 569 1280 656 (δοξαστικὴν

332 683 401 748 τινὰ
423 681 487 762 περὶ
506 681 626 746 πάντων
644 675 836 752 ἐπιστήμην,
859 671 935 741 aaa’
957 679 1012 744 οὐκ
1032 682 1191 755 disciderat:
1219 681 1279 746 So·-

333 788 571 873 phist.p.233.
585 786 660 868 C)r
683 797 788 860 neque
811 776 894 845 enim
917 777 987 847 fieri
1003 801 1121 866 posse,
1144 794 1180 851 ut
1197 799 1278 852 unua
1334 877 1337 884 Ι

332 893 367 961 in
391 892 537 958 omnibus
565 890 752 954 excellereta
777 883 886 965 itaque
910 906 1044 954 necesse
1069 909 1140 957 csse
1166 891 1277 974 ipsos,

332 995 606 1082 praestigiatorum
629 991 751 1071 instar,
775 990 969 1059 audientium
994 1011 1139 1076 mentes,
1163 999 1281 1088 levium

330 1100 533 1188 potissimum
560 1113 593 1166 et
622 1097 865 1184 imperitorum,
898 1101 1076 1186 γοητεύειν,
1111 1101 1281 1171 fascinare.

228 1207 231 1216 '
329 1189 415 1274 Viden
430 1191 573 1290 RepssX.
593 1225 630 1288 pa
645 1207 721 1287 598.
737 1217 770 1268 et
785 1180 934 1284 hophistt
959 1226 995 1290 p.
1014 1225 1090 1291 234.
1113 1209 1156 1274 C.
1180 1211 1282 1277 Cum.-

333 1337 397 1400 que
422 1314 645 1384 ostentationis
672 1329 703 1380 et
726 1325 877 1394 quaestus
897 1329 991 1380 causa
1009 1314 1284 1398 philosopharen-

333 1440 410 1507 tur,
441 1439 640 1506 utrumque,
671 1434 709 1485 ut
739 1437 814 1486 vere
843 1419 1104 1505 philosophantis
1128 1423 1283 1506 dignitato

334 1532 522 1615 indignum,
543 1525 681 1611 graviter
706 1524 980 1610 reprehendebam
1005 1545 1064 1593 nec
1082 1527 1206 1593 ferebat
1226 1547 1287 1595 eos

316 1619 460 1718 ‘operam
485 1633 617 1710 dantes,
642 1648 709 1696 non
726 1645 763 1698 ut
781 1651 886 1713 vera,
908 1631 966 1700 sed
990 1643 1027 1698 ut
1048 1631 1228 1716 probabilia
1252 1647 1288 1699 et
1393 1625 1396 1634 ’

332 1737 486 1808 mirabilia
509 1736 542 1804 in
564 1734 835 1818 disputationibus
861 1739 900 1804 de
920 1739 1145 1825 philosophia,
1167 1737 1203 1804 in
1231 1740 1287 1823 iu·

312 1845 444 1927 dctis,
460 1845 502 1914 ,in
531 1844 745 1912 concionibus
768 1845 940 1932 afferrent;
971 1841 1121 1932 plebatu,
1143 1845 1293 1911 belluam

275 2028 278 2034 ,
331 1953 509 2020 multorum
526 1952 688 2036 capitum,
713 1953 900 2036 adulantes;
924 1954 1030 2020 omnia
1054 1951 1094 2018 ad
1116 1954 1150 2020 ed
1169 1953 1292 2032 aloru,

331 2061 373 2132 ad.
396 2062 432 2128 td
449 2057 529 2130 eluat
558 2057 606 2126 nil
633 2058 829 2142 referentem
852 2061 1004 2131 virtutem
1026 2075 1081 2126 aut
1098 2060 1295 2142 vituperan-

242 2225 246 2234 ‚
313 2180 407 2245 tes,
438 2181 515 2248 aut,
546 2165 578 2231 si
607 2187 693 2234 unus
724 2184 756 2234 et
785 2167 862 2234 alter
891 2168 1125 2236 commendaret
1156 2167 1293 2254 ipsam,

332 2273 592 2339 commendantes
619 2289 657 2339 ut
681 2275 861 2342 divitiatum
887 2287 919 2339 ct
946 2274 1067 2358 gloriae
1092 2273 1296 2343 ministram·

330 2375 468 2457 ltaque,
492 2392 624 2444 secutus
638 2382 820 2462 Socratem,
842 2393 952 2446 contra
963 2379 1134 2460 Sophistas'
1149 2385 1298 2452 maxime

329 2479 475 2563 suscepit
496 2482 628 2549 virtutis
649 2487 881 2566 patrocinium
907 2465 1057 2548 humilem
1074 2501 1107 2551 et
1128 2488 1300 2575 abjectant

329 2583 466 2656 vivendi.
486 2582 598 2650 docuit
629 2603 699 2650 esse
724 2587 903 2669 rationem,
934 2587 963 2653 si
995 2587 1067 2668 quis
1096 2590 1301 2670 felicitatem

322 2693 454 2778 ¹opibus
473 2707 505 2758 et
524 2690 621 2775 gratia
636 2691 824 2774 metiretur,
846 2709 953 2774 neque
969 2691 1163 2782 intelligeret
1176 2755 1191 2785 ,
1216 2706 1302 2774 ben.

319 2817 405 2870 ..tum
425 2797 581 2874 nemiuem
603 2800 667 2868 nisi
685 2801 832 2883 bonum,
863 2815 895 2868 ct
919 2817 1030 2868 omnes
1050 2803 1157 2871 bonos
1175 2810 1301 2883 beatos

318 2917 427 2992 -csse;
460 2906 549 2989 ipsos
582 2906 719 2990 denique
747 2906 821 2972 illos
847 2909 1036 2995 principes,
1062 2926 1100 2978 ut
1126 2917 1304 2994 putabam.

317 3033 411 3100 tur,
435 3015 728 3102 supientiaemodo
758 3012 858 3082 irrisit
878 3015 1074 3099 festivitate,
1096 3020 1201 3087 modo
1222 3041 1305 3110 gru.

334 3126 436 3194 vitate
449 3121 615 3210 perculsit.

376 3233 452 3299 Etsi
471 3229 616 3316 plerique
645 3227 814 3310 sophistae
840 3227 920 3296 nibil
949 3245 988 3296 ex
1016 3231 1186 3303 doctrinae
1219 3261 1305 3312 suae

319 3341 465 3410 ambitu.
482 3333 704 3424 excipiebam,
727 3336 886 3404 habebant
910 3349 1040 3417 tamen,
1063 3339 1192 3420 quibus
1222 3369 1308 3432 prae

335 3448 470 3514 caeteris
498 3462 625 3530 oporam
651 3450 786 3530 darent,
816 3459 852 3511 ut
877 3445 982 3510 eadem
1012 3457 1061 3508 res
1084 3447 1123 3511 ab
1157 3453 1239 3523 aliis
1264 3461 1308 3526 de

336 3553 515 3634 industria,
533 3554 572 3620 ab
585 3553 655 3622 aliis
664 3553 766 3620 obiter
782 3565 993 3632 tractaretur,
1012 3563 1042 3616 et
1055 3552 1181 3636 duplex
1194 3563 1311 3630 veluti

337 3657 478 3742 familia,
503 3677 566 3730 una
589 3649 837 3728 constitueretur
868 3677 1002 3740 eorum,
1025 3661 1080 3743 qui
1103 3663 1136 3727 in
1166 3667 1311 3740 Natura

321 3794 324 3803 ·
341 3775 445 3831 rerum
459 3765 664 3852 explicanda,
681 3767 714 3836 in
728 3766 945 3854 cognoscendi
961 3765 1051 3835 fonte
1063 3766 1313 3853 similibusque

1184 3895 1318 3957 quae&-
