2874 4684
11 3199 19 3300 l

580 445 772 511 2'
966 464 1109 544 ·7t

158 648 180 718 l.
192 649 216 716 l.
242 641 402 710 Omnium
413 633 724 704 acutissimusfertur
741 635 855 720 fuisse3
873 636 929 719 qui
944 651 1106 722 veropost

155 770 231 820 eum
262 745 403 816 Eleatici
425 758 456 810 et
480 739 639 824 Megarici.
656 741 809 825 fuerunt,
833 744 979 826 plerique
1003 763 1107 814 veram

155 851 358 922 Dialecticae
378 849 457 914 viam
483 850 709 928 deseruerunt,
732 849 898 934 gloriolam
916 849 1057 934 litigiose
1077 867 1110 922 et

158 956 323 1024 fallaciter
346 956 591 1037 argumentando
621 971 826 1036 quaerentes:
853 956 1005 1037 quicum
1034 957 1110 1024 Par·
1169 957 1173 966 “

158 1063 297 1136 menidis
319 1059 447 1131 nornine
469 1076 504 1125 etv
526 1057 608 1125 fama
629 1062 666 1125 ad
685 1061 828 1150 vitandas
846 1066 1108 1147 reprehensiones

160 1167 387 1246 abuterentur,
410 1167 617 1248 probabiliter
633 1167 777 1248 disputat
793 1166 908 1234 Astius
928 1171 968 1235 de
988 1171 1056 1240 Vit.
1078 1187 1110 1240 et

159 1269 231 1338 Str.
258 1272 307 1336 Pl.
330 1293 364 1354 p.
382 1278 468 1352 248,
489 1274 673 1352 Platonem,
697 1286 766 1335 uta
786 1290 910 1339 summo
930 1275 1000 1342 viro
1017 1279 1110 1344 istam

159 1376 355 1458 argutiarum
382 1378 481 1445 labem
512 1379 708 1462 depelleret,
737 1393 808 1440 eum
835 1374 1018 1463 induxisse,
1053 1383 1110 1464 qui

164 1499 240 1548 suas
257 1480 328 1564 ipse
348 1484 513 1568 opiniones
532 1507 599 1556 non
621 1498 753 1568 argute,
768 1481 839 1548 sed.
851 1497 941 1548 acute
955 1491 1109 1555 tueretur.

114 1652 123 1668 ,
161 1591 234 1675 Qua
256 1591 294 1656 de
313 1611 347 1657 re
372 1608 403 1659 et
423 1596 461 1661 de
479 1594 569 1661 omni
589 1590 810 1676 Parmenidis,
833 1589 865 1657 in
885 1589 995 1674 primis
1016 1585 1109 1674 etiam

161 1696 249 1776 quod
272 1697 318 1762 ad.
335 1697 423 1768 Ideas
445 1701 581 1780 attinet,
606 1697 758 1782 opinione
780 1694 898 1762 certius
924 1714 1108 1785 constaret,

159 1800 189 1874 si
220 1799 353 1885 Dialogi
381 1808 577 1876 Parmenidis
607 1805 682 1873 finis
716 1819 908 1887 superesset.
956 1809 1012 1878 Cf.
1044 1813 1110 1878 As.

146 1908 224 1974 tius
245 1908 327 1974 ibid.
353 1929 428 1992 pag.
452 1933 533 1996 250.
586 1910 921 1993 Colloquitursenex
946 1934 1017 1982 cum
1049 1918 1110 1984 So·

160 2031 245 2081 erate
281 2017 506 2100 adolescente,
541 2019 629 2100 quod
662 2037 718 2102 per
752 2033 931 2098 temporum
959 2021 1112 2090 rationem

158 2124 229 2188 fieti
257 2125 404 2207 potuisse
426 2129 629 2194 vehementer
666 2125 852 2190 Athenaeus
879 2140 919 2190 et
954 2142 1029 2208 post
1063 2127 1113 2212 ip-

163 2249 237 2302 sum
263 2231 357 2294 multi
388 2247 441 2302 aut
468 2234 680 2313 dubitarunt,
713 2247 767 2298 aut
797 2232 874 2298 adeo
899 2238 1108 2317 negauerunt.

161 2337 208 2404 V.
233 2336 309 2404 Ast.
334 2339 358 2403 l.
382 2340 405 2403 l.
430 2358 465 2420 p.
486 2357 560 2422 247.
605 2338 734 2426 Quibus
768 2357 806 2402 eo
840 2336 965 2405 facilius
998 2342 1114 2417 adsela»

160 2445 244 2524 tlar,
270 2462 337 2525 quo
363 2445 460 2528 magis
487 2461 611 2513 constat
632 2445 796 2512 Platonem
814 2445 1053 2530 Chronologiae
1067 2453 1113 2516 le·

161 2551 255 2635 gibus
274 2571 342 2620 non
359 2551 403 2618 ita
420 2550 568 2635 religiose
584 2551 752 2634 paruisse,
776 2567 812 2618 ut
829 2553 869 2618 ab
888 2550 926 2618 iis
948 2573 1110 2635 nunquam

159 2659 341 2724 recederet:
365 2657 412 2724 ef.
435 2657 600 2726 Heindorf
620 2659 661 2724 ad
676 2658 806 2740 Protag.
828 2677 863 2738 p.
878 2659 955 2738 466.
1006 2659 1110 2742 Quid·

159 2763 242 2844 quid
271 2764 369 2848 hujus
392 2765 438 2828 rei
458 2765 523 2844 sit,
553 2763 701 2829 Socrates
728 2774 814 2828 certe
841 2759 997 2828 sermonis
1023 2759 1111 2828 illius

160 2869 290 2952 saepius
311 2869 506 2936 mentionem
536 2869 613 2936 feeit
627 2870 812 2952 ,Sophist
847 2885 882 2948 p·
906 2878 994 2945 217,
1016 2863 1058 2932 C.
1082 2881 1114 2935 et

159 2977 195 3044 in
223 2978 337 3059 primis
369 2977 506 3043 Theaet.
530 2995 564 3057 p.
588 2981 669 3061 183.
689 2975 742 3055 li,
777 2971 832 3056 qui
857 2975 949 3040 locus
973 2975 1113 3052 ostendit

158 3079 324 3160 Platonem
345 3097 488 3154 caeteros
509 3073 672 3150 Eleatieos
700 3081 882 3158 Parmenide
909 3084 1005 3166 longe
1030 3081 1114 3154 infe·
1170 3082 1172 3087 ’

162 3183 269 3250 riores
290 3187 459 3269 judicasse.
512 3190 666 3258 Μέλισσον
685 3193 743 3268 μὲν
766 3194 817 3258 sal
843 3194 912 3266 terit
930 3191 1114 3272 oillaami

161 3290 198 3369 ,ἓν
218 3295 307 3368 ἑστὼς
328 3296 448 3375 λέγουσι
471 3298 505 3364 τὸ
531 3303 619 3375 πᾶν,
649 3297 862 3381 αἰσχυνόμενος
895 3300 940 3378 wi
966 3305 1112 3380 depereat

159 3401 370 3480 σκῶπτωμεν,
394 3401 483 3480 ἧττον
506 3402 715 3485 blegnicourt,
737 3402 755 3477 ἢ
784 3399 838 3469 ἕνα
862 3402 935 3471 i'acoe
961 3407 1112 3484 mappul-

155 3513 227 3584 δην.
259 3511 437 3588 Παρμενίδης
452 3509 484 3576 δέ
506 3533 557 3587 μοι
576 3509 721 3591 φαίνεται
745 3506 780 3572 ai
798 3512 850 3576 rai
877 3508 1035 3586 ‘Ollium
1061 3509 1114 3578 al·

155 3617 236 3686 Baiae
256 3613 292 3686 τέ
316 3638 363 3692 μοι
389 3615 457 3695 aaa
476 3615 565 3687 δεινάς
594 3629 653 3678 τε·
684 3605 913 3693 Eventurum&
938 3611 998 3688 fili
1019 3611 1112 3694 331⁷&
1218 3651 1226 3658 ·

155 3719 240 3800 cirici
268 3719 349 3794 urire
372 3723 430 3796 νέος
443 3721 534 3800 ¹asaiae
561 3717 739 3798 πρεσβύτῃ,
760 3720 880 3798 ttullwl
899 3711 997 3796 ἐφάνη
1016 3715 1107 3796 βάθος

158 3849 189 3908 pt
208 3824 289 3920 igere
309 3829 494 3902 austrinam
512 3830 661 3899 patratu.

707 3926 737 3998 K.
1033 3927 1111 4014 Sed,
1180 4031 1185 4044 ¹
