2822 4680
209 1023 320 1101 Itaque
339 1037 434 1102 ‚opus
459 1018 511 1084 ad
545 1013 641 1080 finem
668 1016 858 1097 perductum
890 1023 1016 1103 quidem
1048 1043 1117 1096 esta

165 1123 348 1191 absolutum
374 1141 453 1190 vero
479 1139 516 1189 ut
541 1121 603 1201 sit,
626 1122 771 1189 mihimet
789 1125 854 1206 ipsi
874 1131 1026 1199 conscius
1048 1155 1120 1203 sum

167 1231 353 1300 immensum
387 1229 466 1312 quid
502 1226 645 1294 abesse„
672 1227 759 1294 Cum
793 1231 974 1300 inchoarem
1012 1240 1118 1326 illud,

167 1333 271 1402 fateor
299 1355 350 1400 me
382 1337 555 1418 sperasse,
591 1345 650 1412 ut,
681 1331 709 1396 si
738 1334 919 1420 diligentiae
952 1363 987 1409 ac
1017 1349 1119 1420 labori

165 1463 234 1511 non
256 1444 491 1526 pepercissem,
523 1438 657 1522 scriptio
688 1457 756 1506 mea
786 1447 921 1522 quadam
949 1453 988 1516 ad
1012 1427 1120 1522 Plato.

166 1549 216 1618 nis
243 1549 483 1634 intelligentiam
509 1547 714 1614 historiamve
744 1555 928 1633 explendam
952 1558 1116 1644 utilitate,

108 1677 111 1686 ’
162 1659 318 1724 suavitate
347 1657 454 1739 aliqua
484 1659 618 1735 saltem,
642 1668 758 1736 utpote
777 1657 811 1724 in
831 1659 1026 1731 suavissimo
1045 1688 1117 1734 ver-

163 1780 230 1829 sata
265 1780 478 1846 argumento,
509 1763 796 1832 commendaretur.
850 1770 991 1851 Postea,
1027 1777 1114 1854 quod

165 1869 256 1951 prius
293 1867 472 1950 intelligere
500 1863 738 1948 praestitisset,
771 1868 935 1950 intellexi,
972 1895 1052 1954 quae
1074 1883 1114 1945 ad

161 1973 472 2058 Prosopographiam
497 1969 689 2035 Platonicam
720 1969 780 2036 rite
809 1976 1033 2056 perficiendam
1066 2004 1115 2050 re·

166 2080 501 2162 quiruntur,·mihi,
538 2075 601 2142 nisi
634 2076 726 2156 plane
763 2078 902 2162 de'e'sse,
932 2103 1017 2151 certe
1051 2110 1113 2173 pro
1189 2091 1193 2099 “

164 2189 296 2274 operis,
314 2187 409 2272 -quod
443 2199 580 2250 conatus
606 2203 700 2263 sum,
734 2187 971 2270 magnitudine,
1003 2215 1115 2276 parum

164 2297 288 2360 adesse.
335 2292 474 2380 Quoties
506 2290 588 2356 enim
612 2289 756 2372 cujusvis
785 2292 915 2378 Dialogi
945 2298 1114 2370 lectionem

167 2390 301 2485 iteravi,
324 2401 422 2469 toties
439 2415 572 2466 veneres
595 2385 697 2478 reperi
713 2411 804 2462 antea
822 2400 982 2482 latentes,
1006 2423 1042 2472 ut
1057 2410 1118 2474 du·

134 2511 253 2576 ·bium
301 2530 368 2576 non
407 2507 449 2572 sit
488 2504 640 2589 plurimas
689 2504 859 2586 elegantias
908 2505 1116 2597 festivitates-

123 2595 125 2604 ’
163 2637 260 2699 que,
303 2597 461 2679 uberrimi
506 2612 632 2676 demum
669 2609 815 2674 doctrina
859 2611 1113 2696 longissimique

159 2725 253 2792 limae
284 2724 373 2784 morl
404 2716 640 2792 inveniundas,
676 2714 731 2776 sed
761 2731 840 2792 quas
876 2721 1117 2787 tamenobser.
1150 2732 1153 2737 ·

127 2905 130 2910 ,
158 2828 285 2897 vavisse
317 2826 356 2890 ad
389 2821 554 2888 hominum
592 2814 738 2881 notitiam
775 2834 946 2897 sanequam
975 2825 1112 2892 multum

160 2933 359 3022 profuisset,
383 2949 434 2994 me
457 2909 660 2992 nuncetiam
680 2917 823 3000 fugisse·
866 2922 1032 3007 Cogitanti
1053 2934 1113 3018 igi.

160 3060 239 3123 tur,
266 3050 420 3122 quantum
445 3021 504 3112 il,
530 3033 618 3114 quod
647 3026 761 3105 effeci,
786 3047 804 3090 a
830 3030 940 3124 specie
965 3023 1124 3126 differat,¹

162 3169 256 3235 quam
283 3145 419 3213 insidere
445 3139 549 3208 sentio
580 3136 703 3218 menti,
727 3155 833 3217 neque
862 3159 880 3204 a
905 3159 954 3205 me
979 3149 1112 3228 exprimi

161 3255 341 3343 potuisse3
377 3245 563 3330 scriptionis
600 3244 681 3310 hanc
719 3246 819 3330 igitur
860 3249 1110 3321 mediocritatem

161 3357 337 3446 cogitanti,
370 3356 542 3440 petendum
569 3354 699 3421 videtur
726 3357 764 3420 ab
799 3355 863 3433 iis,
904 3373 1041 3434 quorum
1078 3359 1111 3429 in

159 3466 326 3534 arbitrium
350 3461 475 3528 venerit
488 3460 642 3543 libellus,
666 3478 702 3529 ut
727 3481 794 3528 non
812 3481 900 3527 acres
918 3481 975 3542 se,
999 3484 1112 3532 verum

159 3589 303 3653 aequos,
327 3573 380 3635 vel
405 3573 537 3654 paululo
555 3574 630 3656 plus
649 3572 742 3637 etiam
769 3589 862 3650 quam
888 3587 1012 3646 aequos
1037 3590 1117 3653 ope·

162 3695 214 3743 rae
243 3675 413 3758 praebeant
437 3677 688 3746 existimatores:
715 3665 759 3742 ui
781 3674 808 3738 si
839 3672 962 3739 infinita
990 3675 1111 3745 hocin

163 3783 335 3870 Opusculo
356 3797 432 3870 aut,
464 3802 543 3864 quae
570 3783 700 3850 dicenda
726 3783 879 3864 fuerunt,
911 3781 1115 3864 desiderent,

702 3887 754 3958 Fr
782 3909 798 3974 3
874 3912 876 3916 ·
1042 3907 1116 3976 aut,
