2824 4688
131 571 287 650 'videatur
305 569 617 662 postTragoediam
641 564 795 651 Aeschyli
813 565 923 636 Persas
949 571 1103 655 scripturn

141 706 230 770 esse,
241 685 422 749 Menexen.
433 699 468 762 p.
480 677 658 762 239.C.D.
668 675 825 762 ὦνδὲοῦοο
835 680 954 753 ποιητής
964 682 1106 756 euodius

130 788 165 862 ⁴si
185 796 237 862 ίοον
253 784 407 868 ίπόίξίονο
418 785 609 868 λοβὼνὲχεν,
619 787 662 852 ἔτι
672 785 707 853 τί
722 787 802 870 ἐστιν
814 783 845 851 ίν
859 785 1105 874 ἆροννοτίρι,πον’·

144 919 207 967 πων
224 893 291 978 usn
308 894 368 976 ριοίΙ
382 893 463 958 δοκεῖ
479 898 588 973 arem
613 892 849 970 ίπνροννοίῆνον,
868 889 1050 960 ίποοννοῡνοοί
1068 913 1103 954 rc

147 1007 202 1072 κοί
221 1003 423 1087 προμνώμενον
438 1007 498 1072 τοῖς
513 998 641 1074 ἄλλοις,
666 999 696 1069 ἐς
714 985 790 1078 piola
807 1020 842 1061 πε
857 997 908 1062 κοί
927 997 984 1071 πίον
1002 990 1103 1070 ἄλλην

146 1113 260 1188 ποίησον
277 1111 389 1182 αὐτοὺς
410 1110 526 1183 deirae,
554 1105 720 1187 πρεπίντωο
743 1113 800 1172 πῶν
825 1105 1016 1187 πραξάντων·
1034 1102 1102 1171 ἕντο

145 1215 177 1283 δὲ
192 1217 302 1284 codrus
322 1213 361 1282 ὧν
387 1213 468 1292 λίνω
485 1218 614 1292 πρῶτον,
634 1211 753 1289 iliacae
773 1213 947 1289 ἡγουμένους
967 1220 1022 1288 τοῖο
1041 1208 1101 1276 Ἀ·

142 1323 236 1398 πίοις,
268 1320 318 1386 καί
345 1310 548 1399 δονλονμένονο
576 1319 632 1392 τίον
662 1311 829 1416 Εὖροίπνν,
857 1319 945 1400 ἔσχον
964 1317 990 1382 oi
1012 1317 1102 1392 τοῖνδε

147 1434 203 1502 τῆς
229 1425 329 1508 χώρας
349 1425 472 1502 ἔκγονον.
515 1422 600 1487 Nam
623 1433 696 1501 apte
717 1415 879 1503 potuisset
907 1413 953 1486 ibi
984 1432 1015 1488 et
1041 1425 1105 1487 de·

150 1531 282 1614 schyius
298 1528 442 1596 laudibus
461 1527 568 1595 ornari
584 1540 623 1614 ¹et
640 1546 716 1592 vero
735 1525 827 1591 etiam
851 1545 1099 1608 uenenorus,

143 1635 199 1718 qui
226 1650 383 1716 nusquam
410 1637 497 1717 apud
523 1635 688 1702 Platonem
714 1632 911 1701 nominatur·
961 1634 1025 1700 Sed
1053 1650 1101 1700 te·

140 1743 280 1808 nendum
317 1753 391 1822 est,
425 1743 511 1824 apud
544 1730 759 1808 Athenienses
794 1739 994 1822 praecipuam
1025 1743 1104 1810 edu.

139 1846 277 1913 cationis
303 1859 422 1930 partem
454 1846 488 1914 in
507 1841 701 1912 carminibus
730 1840 908 1911 ediscendis
932 1845 1096 1932 positam,

24 1957 32 1962 '
140 1969 238 2035 etque
255 1972 382 2019 omnem
399 1949 544 2035 ipsorum
563 1962 721 2034 praeterea
738 1946 836 2012 vitam
852 1949 1013 2018 auditione
1033 1973 1099 2019 rna·

140 2061 192 2144 gis
214 2076 400 2143 occupatam
425 2075 519 2140 quam
536 2055 672 2120 lectione
696 2049 811 2118 fuisse.
856 2051 969 2136 Itaque
993 2053 1100 2124 infini-

140 2183 174 2231 ta
201 2167 366 2247 poetarum
396 2169 467 2231 loca
488 2173 646 2229 uenerant
673 2150 708 2224 in
737 2155 895 2223 sermonis
921 2161 1099 2228 communis

141 2287 241 2334 usum
269 2282 300 2330 et
317 2267 478 2348 proverbii
492 2263 774 2334 consuetudinem:
798 2259 905 2334 soluti
929 2288 1006 2338 vero
1030 2283 1102 2342 or'a·

145 2373 238 2440 tione
274 2367 393 2456 scriptu
428 2389 459 2440 et
483 2377 629 2458 legebant
659 2373 862 2457 paucissimi,
896 2387 928 2442 et
962 2377 1017 2458 qui
1044 2399 1101 2446 au-

128 2479 313 2574 diverant,
335 2477 440 2544 audita
464 2479 623 2547 difficilius
655 2479 895 2548 custodiebant:
921 2497 957 2547 ur
987 2501 1115 2554 conse.

142 2605 249 2670 quens
275 2586 318 2652 sir
336 2587 421 2668 apud
447 2589 632 2667 Platonem,
656 2585 839 2668 quirerum
861 2581 1020 2655 rationem
1038 2589 1099 2658 At·

138 2692 278 2758 ticarum
298 2685 435 2758 fideliter
459 2692 637 2776 expressit,
665 2687 776 2778 po'r'itas
796 2693 1003 2778 saepissime,
1023 2712 1102 2758 con·

126 2811 194 2892 ¹tra
214 2811 328 2878 prosae
344 2797 520 2880 scriptores
537 2815 607 2864 raro
626 2789 992 2867 admodummemorari.
1024 2794 1097 2864 Nec

139 2905 236 2972 aliam
255 2923 406 2983 causam,
428 2919 485 2968 cur
515 2906 553 2969 de
572 2899 741 2972 Herodoto
760 2904 891 2985 sileret,
913 2891 1035 2984 fuisse,
1060 2920 1099 2972 ex

138 3031 179 3078 eo
209 3027 343 3094 quoque
372 3005 501 3088 probari
528 3010 676 3093 videtur,
708 3003 803 3095 ¹quod
827 3009 916 3077 obvii
942 3009 975 3076 in
1003 3005 1100 3098 hujus

129 3136 243 3212 *opere
256 3135 370 3183 versus
388 3115 473 3198 apud
488 3115 593 3201 ipsum
611 3118 830 3188 inveniuntur.
854 3120 938 3206 Nam
955 3120 1040 3204 Rep.
1053 3121 1100 3190 11.

145 3239 189 3304 p·
215 3226 288 3306 363.
310 3220 354 3287 D·
387 3225 498 3298 ποῖδοοο
527 3228 591 3307 γὰρ
606 3227 716 3292 παίδων
732 3230 810 3306 pact
829 3230 881 3297 κοί
902 3219 986 3309 niue
1004 3228 1097 3294 κοπί·

142 3331 249 3398 πνοίεν
265 3329 419 3395 λείπεσθον
434 3335 486 3396 τοῦ
506 3327 590 3398 ὅοίοο
605 3331 656 3396 arai
669 3333 799 3416 οὐίρνοο,
818 3336 856 3400 ad
873 3347 1023 3414 versum,
1043 3328 1098 3411 qui

126 3433 233 3518 apud
254 3433 450 3500 Herodotum
474 3449 523 3498 est
552 3432 577 3500 1.
596 3429 656 3502 VI.
694 3456 728 3518 p.
754 3445 831 3522 478.
944 3428 946 3434 ’

220 3641 353 3728 femine
372 3647 514 3733 δἐὐίρνον
526 3649 617 3730 γενεὴ
639 3647 817 3730 restinctio
833 3635 959 3732 ίμείνννν

622 3851 652 3918 E
