2824 4688
564 383 674 464 Ξ
1049 419 1091 494 41

238 641 241 646 .
571 672 574 680 Ι
768 602 866 672 pecus
889 579 954 658 'edit
975 599 1096 676 agellos

136 706 327 783 Cultaque4
339 697 417 763 dum
430 708 617 779 peregre-est
627 693 748 761 animus
760 695 828 761 sine
837 703 976 778 corpore
987 705 1096 785 velox,

140 913 239 994 quod
274 909 362 989 aliis
385 905 499 972 Horat.
533 902 644 989 Epist.
666 907 693 974 l.
730 924 783 975 ra.
817 927 852 982 u.
878 901 929 976 1⁴2.
970 911 1099 978 tradunt

138 1019 184 1082 de
228 1031 467 1082 nrmocntro:
509 1015 603 1097 cujus
637 1012 826 1096 philosophi
868 1014 1096 1100 mentionem,

144 1120 289 1202 quamvis
328 1122 421 1191 Plato
458 1118 541 1208 fecit
572 1121 733 1203 nullam,
773 1122 851 1188 milri
895 1139 999 1194 ttmen
1041 1128 1099 1194 ali·
1209 1201 1211 1206 ,

147 1245 241 1310 quam
270 1228 445 1297 faciendam
479 1247 548 1294 esse
580 1244 676 1310 pute.
727 1225 782 1293 'De
816 1228 888 1311 ipso
917 1234 1025 1314 enim,
1060 1250 1097 1303 ut

141 1337 184 1400 de
221 1338 333 1404 multis
364 1335 488 1422 prosae
507 1330 746 1418 scriptoribus,
782 1331 853 1398 ideo
888 1338 1019 1403 maxime
1055 1341 1099 1407 si-

144 1441 250 1507 luisse
279 1442 422 1526 videtur,
448 1445 534 1528 quod
556 1439 634 1509 libri
658 1436 747 1503 illius
779 1453 819 1526 et„
838 1438 1006 1550 opiniones
1031 1465 1098 1515 non

144 1547 212 1617 nisi
237 1547 435 1632 paucissimis
470 1569 506 1616 ea
538 1561 641 1615 aetate
666 1543 852 1612 hominibus
879 1544 1095 1620 innotuerant.

139 1657 213 1724 Nec
232 1663 327 1743 plane
348 1656 466 1724 desunt
480 1655 621 1735 indicia,
645 1671 684 1718 ex
703 1651 823 1735 quibus
839 1653 1010 1738 colligatur
1030 1658 1098 1726 Pla-

137 1780 250 1832 tonem
267 1766 307 1831 ad
326 1762 505 1832 Democriti
523 1760 698 1828 sententias
720 1759 887 1826 interdum*
902 1761 1095 1844 respexisse.

137 1871 256 1938 Veluti
278 1872 433 1954 Dialogus
449 1871 534 1950 Ion,
554 1887 629 1934 cum
656 1878 789 1948 negetur
814 1865 847 1929 in
870 1883 931 1950 eo,
953 1869 1022 1938 sine
1043 1871 1096 1940 fu.

135 1997 211 2046 rore
245 1993 436 2060 quemquam
464 1976 591 2058 poetam
623 1992 770 2058 magnum
804 1990 876 2036 esse
907 1992 1027 2056 posse,
1058 1978 1097 2045 ad

22 2091 25 2100 “
136 2083 323 2152 Democriti
350 2081 557 2151 imitationem
583 2077 783 2161 compositus
806 2077 903 2144 alicui
932 2082 1092 2151 videatur.

135 2189 228 2256 Nam

137 2413 142 2420 ’
226 2399 396 2483 Ingenium
419 2400 532 2468 misere
557 2399 753 2470 fortunatius
775 2418 844 2470 arte

227 2510 343 2576 Credit
364 2525 395 2576 et
418 2511 556 2578 excludit
578 2529 676 2576 sanos
699 2507 857 2579 Helicone
879 2514 990 2598 poitas

220 2619 446 2686 Democritus.

137 2828 205 2896 Sed
224 2831 269 2898 de
288 2829 470 2915 suspicione
489 2851 523 2897 ee
540 2829 621 2898 nihil
639 2846 769 2911 statu03
789 2829 898 2909 potuit
915 2809 1097 2899 enimPlato

137 2937 233 3004 etiam
255 2936 357 3002 alium
390 2922 502 3020 siqui:
527 2939 556 3004 si
583 2940 708 3022 quidem
735 2948 799 3000 erat
825 2940 956 3013 rasoria
980 2943 1094 3022 piiss,

137 3087 221 3112 ..η
243 3029 466 3126 destincte,
490 3049 599 3115 ὁπόταν
627 3051 658 3116 ir
684 3048 726 3128 τῷ
754 3047 866 3128 τρίποδι
894 3054 948 3122 τῆς
973 3043 1098 3128 Marione

137 3154 324 3231 καθίζηται,
346 3153 413 3251 rice
437 3158 489 3224 οὐκ
510 3155 634 3234 ἔμφρων
658 3151 752 3221 ἐστίν.
780 3151 938 3238 Leglv.
962 3176 997 3239 p.
1017 3177 1094 3241 719.

137 3256 184 3322 C.
219 3253 440 3324 Confirmatur
455 3271 560 3324 tamen
576 3257 773 3338 aliquantum
794 3280 812 3324 a
829 3260 987 3328 Cicerone
1003 3262 1095 3327 Orat.

136 3360 204 3428 ΙΙΙ.
229 3347 289 3441 46.'
332 3361 428 3450 Saepe
450 3365 564 3433 audiui
583 3369 710 3452 poetam
730 3365 840 3431 bonum
864 3371 1013 3432 neminem
1035 3365 1109 3448 (idi

13 3489 14 3502 ¹
106 3467 228 3556 ¹quod
255 3489 279 3532 a
292 3457 294 3465 ’
309 3466 485 3538 Democrito
512 3486 542 3536 et
571 3471 706 3536 Platone
735 3476 770 3536 in
797 3476 922 3561 scriptis
951 3471 1097 3536 relictum

131 3596 201 3642 esse
227 3571 367 3655 dicunt)
398 3583 464 3646 sine
489 3579 738 3664 inflammatione
762 3583 939 3644 animorum
965 3577 1099 3640 existere

129 3698 236 3767 possa,
252 3691 286 3742 ct
303 3683 365 3744 rins
384 3683 518 3768 quodam
536 3681 647 3767 afflatu
660 3687 753 3770 quasi
760 3681 901 3765 furoris.
926 3683 971 3747 At
987 3699 1101 3754 contra

129 3787 187 3855 vix
204 3783 343 3866 dubium
361 3803 442 3874 puto
460 3805 545 3868 esse,
560 3786 638 3870 quin
652 3791 745 3857 Plato
761 3787 794 3854 in
811 3785 964 3854 orationis
983 3783 1099 3858 ornatu

682 3891 708 3964 F
1022 3913 1114 3964 con·.
1174 3918 1179 3928 ·
