<?xml version="1.0" encoding="UTF-8"?>
<!DOCTYPE html PUBLIC "-//W3C//DTD XHTML 1.0 Transitional//EN"
    "http://www.w3.org/TR/xhtml1/DTD/xhtml1-transitional.dtd">
<html xmlns="http://www.w3.org/1999/xhtml" xml:lang="en" lang="en">
 <head>
  <title>
</title>
<meta http-equiv="Content-Type" content="text/html;charset=utf-8" />
  <meta name='ocr-system' content='tesseract 3.04.00' />
  <meta name='ocr-capabilities' content='ocr_page ocr_carea ocr_par ocr_line ocrx_word'/>
</head>
<body>
  <div class='ocr_page' id='page_1' title='image "./platonicaprosop00pringoog_0135.png"; bbox 0 0 2874 4684; ppageno 0'>
   <div class='ocr_carea' id='block_1_1' title="bbox 650 389 1187 496">
    <p class='ocr_par' dir='ltr' id='par_1_1' title="bbox 650 389 1187 496">
     <span class='ocr_line' id='line_1_1' title="bbox 650 389 1187 496; baseline -0.02 1"><span class='ocrx_word' id='word_1_1' title='bbox 650 389 779 496; x_wconf 37' lang='lat' dir='ltr'>!&#39;-&#39;&#39;&#39;-.t</span> <span class='ocrx_word' id='word_1_2' title='bbox 1117 397 1187 486; x_wconf 81' lang='lat'><strong>¹¹7</strong></span> 
     </span>
    </p>
   </div>
   <div class='ocr_carea' id='block_1_2' title="bbox 129 573 1212 2898">
    <p class='ocr_par' dir='ltr' id='par_1_2' title="bbox 129 573 1212 2898">
     <span class='ocr_line' id='line_1_2' title="bbox 219 573 1185 670; baseline -0.014 -10"><span class='ocrx_word' id='word_1_3' title='bbox 219 585 371 670; x_wconf 82' lang='lat' dir='ltr'><strong>Euthyd.</strong></span> <span class='ocrx_word' id='word_1_4' title='bbox 386 604 420 668; x_wconf 88' lang='lat' dir='ltr'><strong>p.</strong></span> <span class='ocrx_word' id='word_1_5' title='bbox 434 595 501 666; x_wconf 80' lang='lat'><strong>415</strong></span> <span class='ocrx_word' id='word_1_6' title='bbox 512 625 524 661; x_wconf 84' lang='lat'><strong>,</strong></span> <span class='ocrx_word' id='word_1_7' title='bbox 536 578 667 663; x_wconf 87' lang='lat' dir='ltr'><strong>putabat</strong></span> <span class='ocrx_word' id='word_1_8' title='bbox 678 621 689 654; x_wconf 87' lang='lat'><strong>‚</strong></span> <span class='ocrx_word' id='word_1_9' title='bbox 700 573 733 641; x_wconf 92' lang='lat' dir='ltr'><strong>in</strong></span> <span class='ocrx_word' id='word_1_10' title='bbox 743 589 954 643; x_wconf 76' lang='lat' dir='ltr'><strong>isooununm</strong></span> <span class='ocrx_word' id='word_1_11' title='bbox 970 575 1185 647; x_wconf 64' lang='lat' dir='ltr'><strong>conveniente</strong></span> 
     </span>
     <span class='ocr_line' id='line_1_3' title="bbox 218 673 1177 782; baseline -0.016 -17"><span class='ocrx_word' id='word_1_12' title='bbox 218 697 339 782; x_wconf 81' lang='lat' dir='ltr'>Lysias</span> <span class='ocrx_word' id='word_1_13' title='bbox 366 711 384 757; x_wconf 89' lang='lat' dir='ltr'><strong>a</strong></span> <span class='ocrx_word' id='word_1_14' title='bbox 407 687 613 775; x_wconf 82' lang='lat' dir='ltr'>philosophia</span> <span class='ocrx_word' id='word_1_15' title='bbox 641 682 858 763; x_wconf 61' lang='lat' dir='ltr'><strong>abhorrebam¹</strong></span> <span class='ocrx_word' id='word_1_16' title='bbox 887 673 1045 748; x_wconf 81' lang='lat' dir='ltr'><strong>Isocrates</strong></span> <span class='ocrx_word' id='word_1_17' title='bbox 1075 682 1177 750; x_wconf 89' lang='lat' dir='ltr'><strong>coluit</strong></span> 
     </span>
     <span class='ocr_line' id='line_1_4' title="bbox 222 787 1181 894; baseline -0.017 -24"><span class='ocrx_word' id='word_1_18' title='bbox 222 807 350 894; x_wconf 80' lang='lat' dir='ltr'><strong>ipsam:</strong></span> <span class='ocrx_word' id='word_1_19' title='bbox 375 793 491 880; x_wconf 85' lang='lat' dir='ltr'><strong>Lysias</strong></span> <span class='ocrx_word' id='word_1_20' title='bbox 512 787 711 859; x_wconf 87' lang='lat' dir='ltr'><strong>orationibus</strong></span> <span class='ocrx_word' id='word_1_21' title='bbox 730 789 864 855; x_wconf 84' lang='lat' dir='ltr'><strong>maxime</strong></span> <span class='ocrx_word' id='word_1_22' title='bbox 883 787 1083 870; x_wconf 83' lang='lat' dir='ltr'>scribendis,</span> <span class='ocrx_word' id='word_1_23' title='bbox 1106 789 1181 854; x_wconf 91' lang='lat' dir='ltr'><strong>Iso·</strong></span> 
     </span>
     <span class='ocr_line' id='line_1_5' title="bbox 221 892 1186 983; baseline -0.021 -5"><span class='ocrx_word' id='word_1_24' title='bbox 221 924 326 978; x_wconf 85' lang='lat' dir='ltr'><strong>crates</strong></span> <span class='ocrx_word' id='word_1_25' title='bbox 364 896 520 983; x_wconf 82' lang='lat' dir='ltr'><strong>inprimis.</strong></span> <span class='ocrx_word' id='word_1_26' title='bbox 543 895 713 980; x_wconf 88' lang='lat' dir='ltr'><strong>discipulis</strong></span> <span class='ocrx_word' id='word_1_27' title='bbox 754 895 904 962; x_wconf 84' lang='lat' dir='ltr'><strong>inclaruit</strong></span> <span class='ocrx_word' id='word_1_28' title='bbox 939 892 1143 962; x_wconf 85' lang='lat' dir='ltr'><strong>instituendis</strong></span> <span class='ocrx_word' id='word_1_29' title='bbox 1166 914 1186 976; x_wconf 74' lang='lat'><strong>;‹</strong></span> 
     </span>
     <span class='ocr_line' id='line_1_6' title="bbox 222 999 1178 1097; baseline -0.017 -15"><span class='ocrx_word' id='word_1_30' title='bbox 222 1012 355 1097; x_wconf 73' lang='lat' dir='ltr'><strong>Lysiam</strong></span> <span class='ocrx_word' id='word_1_31' title='bbox 383 1006 474 1072; x_wconf 88' lang='lat' dir='ltr'><strong>Plato</strong></span> <span class='ocrx_word' id='word_1_32' title='bbox 501 1018 571 1070; x_wconf 90' lang='lat' dir='ltr'><strong>non</strong></span> <span class='ocrx_word' id='word_1_33' title='bbox 598 999 739 1082; x_wconf 83' lang='lat' dir='ltr'><strong>amavit3</strong></span> <span class='ocrx_word' id='word_1_34' title='bbox 762 999 935 1068; x_wconf 83' lang='lat' dir='ltr'><strong>Isocratem</strong></span> <span class='ocrx_word' id='word_1_35' title='bbox 956 1001 1091 1070; x_wconf 84' lang='lat' dir='ltr'><strong>dilexit:</strong></span> <span class='ocrx_word' id='word_1_36' title='bbox 1118 1017 1178 1080; x_wconf 89' lang='lat' dir='ltr'><strong>ut,</strong></span> 
     </span>
     <span class='ocr_line' id='line_1_7' title="bbox 129 1095 1181 1189; baseline -0.017 1"><span class='ocrx_word' id='word_1_37' title='bbox 129 1147 132 1172; x_wconf 74' lang='lat'><em>.</em></span> <span class='ocrx_word' id='word_1_38' title='bbox 228 1115 348 1188; x_wconf 87' lang='lat' dir='ltr'><strong>etiamsi</strong></span> <span class='ocrx_word' id='word_1_39' title='bbox 374 1125 497 1179; x_wconf 86' lang='lat' dir='ltr'><strong>caetera</strong></span> <span class='ocrx_word' id='word_1_40' title='bbox 530 1105 565 1172; x_wconf 91' lang='lat' dir='ltr'><strong>in</strong></span> <span class='ocrx_word' id='word_1_41' title='bbox 597 1122 737 1189; x_wconf 88' lang='lat' dir='ltr'><strong>utroque</strong></span> <span class='ocrx_word' id='word_1_42' title='bbox 761 1107 848 1189; x_wconf 85' lang='lat' dir='ltr'><strong>paria</strong></span> <span class='ocrx_word' id='word_1_43' title='bbox 880 1095 1040 1189; x_wconf 83' lang='lat' dir='ltr'><strong>fuissent,</strong></span> <span class='ocrx_word' id='word_1_44' title='bbox 1074 1122 1181 1172; x_wconf 91' lang='lat' dir='ltr'><strong>tamen</strong></span> 
     </span>
     <span class='ocr_line' id='line_1_8' title="bbox 222 1209 1181 1297; baseline -0.023 -1"><span class='ocrx_word' id='word_1_45' title='bbox 222 1245 289 1297; x_wconf 87' lang='lat' dir='ltr'><strong>non</strong></span> <span class='ocrx_word' id='word_1_46' title='bbox 326 1224 501 1290; x_wconf 83' lang='lat' dir='ltr'><strong>Isocratem</strong></span> <span class='ocrx_word' id='word_1_47' title='bbox 540 1209 650 1295; x_wconf 85' lang='lat' dir='ltr'><strong>potius</strong></span> <span class='ocrx_word' id='word_1_48' title='bbox 693 1230 787 1294; x_wconf 92' lang='lat' dir='ltr'><strong>quam</strong></span> <span class='ocrx_word' id='word_1_49' title='bbox 824 1210 969 1292; x_wconf 83' lang='lat' dir='ltr'><strong>Lysiam</strong></span> <span class='ocrx_word' id='word_1_50' title='bbox 991 1227 1048 1278; x_wconf 87' lang='lat' dir='ltr'><strong>aut</strong></span> <span class='ocrx_word' id='word_1_51' title='bbox 1079 1210 1181 1277; x_wconf 90' lang='lat' dir='ltr'><strong>alium</strong></span> 
     </span>
     <span class='ocr_line' id='line_1_9' title="bbox 226 1314 1181 1414; baseline -0.019 -16"><span class='ocrx_word' id='word_1_52' title='bbox 226 1326 371 1414; x_wconf 89' lang='lat' dir='ltr'><strong>quemvis</strong></span> <span class='ocrx_word' id='word_1_53' title='bbox 390 1375 403 1412; x_wconf 56' lang='lat'><strong>,</strong></span> <span class='ocrx_word' id='word_1_54' title='bbox 405 1315 576 1402; x_wconf 85' lang='lat' dir='ltr'><strong>elegisset,</strong></span> <span class='ocrx_word' id='word_1_55' title='bbox 616 1315 650 1383; x_wconf 91' lang='lat' dir='ltr'><strong>in</strong></span> <span class='ocrx_word' id='word_1_56' title='bbox 686 1335 753 1398; x_wconf 90' lang='lat' dir='ltr'><strong>quo</strong></span> <span class='ocrx_word' id='word_1_57' title='bbox 795 1316 955 1382; x_wconf 84' lang='lat' dir='ltr'><strong>orationes</strong></span> <span class='ocrx_word' id='word_1_58' title='bbox 994 1314 1181 1397; x_wconf 86' lang='lat' dir='ltr'><strong>scriptitan-</strong></span> 
     </span>
     <span class='ocr_line' id='line_1_10' title="bbox 225 1419 1181 1505; baseline -0.019 -1"><span class='ocrx_word' id='word_1_59' title='bbox 225 1437 259 1505; x_wconf 90' lang='lat' dir='ltr'><strong>di</strong></span> <span class='ocrx_word' id='word_1_60' title='bbox 297 1423 560 1502; x_wconf 85' lang='lat' dir='ltr'><strong>consuetudinem</strong></span> <span class='ocrx_word' id='word_1_61' title='bbox 598 1432 736 1488; x_wconf 85' lang='lat' dir='ltr'><strong>notaret.</strong></span> <span class='ocrx_word' id='word_1_62' title='bbox 795 1421 909 1505; x_wconf 81' lang='lat' dir='ltr'><strong>Locus</strong></span> <span class='ocrx_word' id='word_1_63' title='bbox 952 1442 991 1490; x_wconf 85' lang='lat' dir='ltr'><strong>ex</strong></span> <span class='ocrx_word' id='word_1_64' title='bbox 1030 1419 1181 1488; x_wconf 88' lang='lat' dir='ltr'><strong>Isocratis</strong></span> 
     </span>
     <span class='ocr_line' id='line_1_11' title="bbox 226 1525 1181 1613; baseline -0.02 -3"><span class='ocrx_word' id='word_1_65' title='bbox 226 1539 380 1610; x_wconf 85' lang='lat' dir='ltr'><strong>Oratione</strong></span> <span class='ocrx_word' id='word_1_66' title='bbox 409 1533 448 1598; x_wconf 90' lang='lat' dir='ltr'><strong>ad</strong></span> <span class='ocrx_word' id='word_1_67' title='bbox 476 1526 622 1610; x_wconf 88' lang='lat' dir='ltr'><strong>Philipp.</strong></span> <span class='ocrx_word' id='word_1_68' title='bbox 665 1545 702 1609; x_wconf 90' lang='lat' dir='ltr'><strong>p.</strong></span> <span class='ocrx_word' id='word_1_69' title='bbox 731 1525 786 1608; x_wconf 84' lang='lat'><strong>84.</strong></span> <span class='ocrx_word' id='word_1_70' title='bbox 818 1526 864 1593; x_wconf 86' lang='lat' dir='ltr'><strong>E.</strong></span> <span class='ocrx_word' id='word_1_71' title='bbox 919 1529 1056 1613; x_wconf 87' lang='lat' dir='ltr'><strong>Steph.,</strong></span> <span class='ocrx_word' id='word_1_72' title='bbox 1085 1545 1181 1609; x_wconf 89' lang='lat' dir='ltr'><strong>quem</strong></span> 
     </span>
     <span class='ocr_line' id='line_1_12' title="bbox 218 1627 1183 1717; baseline -0.034 -3"><span class='ocrx_word' id='word_1_73' title='bbox 218 1639 429 1713; x_wconf 86' lang='lat' dir='ltr'><strong>Heindorlius</strong></span> <span class='ocrx_word' id='word_1_74' title='bbox 469 1631 611 1710; x_wconf 85' lang='lat' dir='ltr'><strong>attulit,</strong></span> <span class='ocrx_word' id='word_1_75' title='bbox 653 1627 732 1695; x_wconf 89' lang='lat' dir='ltr'><strong>mihi</strong></span> <span class='ocrx_word' id='word_1_76' title='bbox 774 1630 903 1712; x_wconf 86' lang='lat' dir='ltr'><strong>quidem</strong></span> <span class='ocrx_word' id='word_1_77' title='bbox 942 1655 1009 1703; x_wconf 91' lang='lat' dir='ltr'><strong>non</strong></span> <span class='ocrx_word' id='word_1_78' title='bbox 1048 1650 1183 1717; x_wconf 71' lang='lat' dir='ltr'><strong>persua.</strong></span> 
     </span>
     <span class='ocr_line' id='line_1_13' title="bbox 219 1734 1177 1836; baseline -0.022 -14"><span class='ocrx_word' id='word_1_79' title='bbox 219 1757 274 1822; x_wconf 89' lang='lat' dir='ltr'><strong>det</strong></span> <span class='ocrx_word' id='word_1_80' title='bbox 310 1753 477 1819; x_wconf 86' lang='lat' dir='ltr'><strong>Platonem</strong></span> <span class='ocrx_word' id='word_1_81' title='bbox 504 1734 647 1836; x_wconf 27' lang='lat' dir='ltr'><strong>&#39;Isocrati</strong></span> <span class='ocrx_word' id='word_1_82' title='bbox 682 1734 819 1818; x_wconf 88' lang='lat' dir='ltr'><strong>primum</strong></span> <span class='ocrx_word' id='word_1_83' title='bbox 863 1739 990 1822; x_wconf 90' lang='lat' dir='ltr'><strong>quidem</strong></span> <span class='ocrx_word' id='word_1_84' title='bbox 1034 1737 1177 1818; x_wconf 82' lang='lat' dir='ltr'><strong>favisse,</strong></span> 
     </span>
     <span class='ocr_line' id='line_1_14' title="bbox 217 1841 1181 1948; baseline -0.021 -21"><span class='ocrx_word' id='word_1_85' title='bbox 217 1874 333 1948; x_wconf 88' lang='lat' dir='ltr'><strong>postea</strong></span> <span class='ocrx_word' id='word_1_86' title='bbox 371 1848 527 1921; x_wconf 81' lang='lat' dir='ltr'><strong>amicitiae</strong></span> <span class='ocrx_word' id='word_1_87' title='bbox 568 1842 651 1918; x_wconf 84' lang='lat' dir='ltr'><strong>inter</strong></span> <span class='ocrx_word' id='word_1_88' title='bbox 697 1841 787 1924; x_wconf 88' lang='lat' dir='ltr'><strong>ipsos</strong></span> <span class='ocrx_word' id='word_1_89' title='bbox 823 1843 926 1911; x_wconf 80' lang='lat' dir='ltr'><strong>nihil·</strong></span> <span class='ocrx_word' id='word_1_90' title='bbox 947 1845 1062 1914; x_wconf 89' lang='lat' dir='ltr'><strong>fuisse.</strong></span> <span class='ocrx_word' id='word_1_91' title='bbox 1090 1843 1181 1908; x_wconf 36' lang='lat' dir='ltr'><strong>*Vi-</strong></span> 
     </span>
     <span class='ocr_line' id='line_1_15' title="bbox 220 1950 1180 2050; baseline -0.018 -16"><span class='ocrx_word' id='word_1_92' title='bbox 220 1977 350 2050; x_wconf 85' lang='lat' dir='ltr'><strong>tupetat</strong></span> <span class='ocrx_word' id='word_1_93' title='bbox 371 1962 444 2036; x_wconf 73' lang='lat' dir='ltr'><strong>ania</strong></span> <span class='ocrx_word' id='word_1_94' title='bbox 467 1957 572 2036; x_wconf 68' lang='lat' dir='ltr'><strong>adaeus</strong></span> <span class='ocrx_word' id='word_1_95' title='bbox 601 1950 655 2018; x_wconf 76' lang='lat' dir='ltr'><strong>saal</strong></span> <span class='ocrx_word' id='word_1_96' title='bbox 682 1953 739 2026; x_wconf 73' lang='grc' dir='ltr'><strong>τὰς</strong></span> <span class='ocrx_word' id='word_1_97' title='bbox 773 1953 930 2028; x_wconf 64' lang='grc' dir='ltr'><strong>πολιτείας</strong></span> <span class='ocrx_word' id='word_1_98' title='bbox 953 1956 1010 2025; x_wconf 72' lang='lat' dir='ltr'><strong>saia</strong></span> <span class='ocrx_word' id='word_1_99' title='bbox 1038 1951 1093 2021; x_wconf 65' lang='lat' dir='ltr'><strong>tet</strong></span> <span class='ocrx_word' id='word_1_100' title='bbox 1129 1974 1180 2018; x_wconf 78' lang='lat' dir='ltr'><strong>aa·</strong></span> 
     </span>
     <span class='ocr_line' id='line_1_16' title="bbox 223 2057 1188 2156; baseline -0.028 -18"><span class='ocrx_word' id='word_1_101' title='bbox 223 2074 338 2156; x_wconf 69' lang='lat' dir='ltr'><strong>oleris</strong></span> <span class='ocrx_word' id='word_1_102' title='bbox 375 2062 633 2150; x_wconf 67' lang='grc' dir='ltr'><strong>γεγραμμένας,</strong></span> <span class='ocrx_word' id='word_1_103' title='bbox 665 2057 721 2124; x_wconf 91' lang='lat' dir='ltr'><strong>sed</strong></span> <span class='ocrx_word' id='word_1_104' title='bbox 762 2058 866 2140; x_wconf 91' lang='lat' dir='ltr'><strong>quis,</strong></span> <span class='ocrx_word' id='word_1_105' title='bbox 910 2073 1057 2138; x_wconf 81' lang='lat' dir='ltr'><strong>quaeso,</strong></span> <span class='ocrx_word' id='word_1_106' title='bbox 1088 2065 1188 2134; x_wconf 66' lang='lat' dir='ltr'><strong>putet,</strong></span> 
     </span>
     <span class='ocr_line' id='line_1_17' title="bbox 220 2163 1180 2250; baseline -0.022 -6"><span class='ocrx_word' id='word_1_107' title='bbox 220 2172 393 2244; x_wconf 84' lang='lat' dir='ltr'><strong>Isocratem</strong></span> <span class='ocrx_word' id='word_1_108' title='bbox 420 2169 539 2238; x_wconf 89' lang='lat' dir='ltr'><strong>Divina</strong></span> <span class='ocrx_word' id='word_1_109' title='bbox 557 2164 710 2233; x_wconf 65' lang='lat' dir='ltr'><strong>‚Platonis</strong></span> <span class='ocrx_word' id='word_1_110' title='bbox 740 2164 861 2250; x_wconf 87' lang='lat' dir='ltr'><strong>scripta</strong></span> <span class='ocrx_word' id='word_1_111' title='bbox 891 2163 1065 2249; x_wconf 83' lang='lat' dir='ltr'><strong>ipsumque</strong></span> <span class='ocrx_word' id='word_1_112' title='bbox 1095 2175 1180 2242; x_wconf 90' lang='lat' dir='ltr'><strong>opus</strong></span> 
     </span>
     <span class='ocr_line' id='line_1_18' title="bbox 224 2265 1192 2364; baseline -0.02 -16"><span class='ocrx_word' id='word_1_113' title='bbox 224 2283 265 2348; x_wconf 87' lang='lat' dir='ltr'><strong>de</strong></span> <span class='ocrx_word' id='word_1_114' title='bbox 290 2277 468 2364; x_wconf 88' lang='lat' dir='ltr'><strong>Republica</strong></span> <span class='ocrx_word' id='word_1_115' title='bbox 491 2273 717 2357; x_wconf 75' lang='lat' dir='ltr'><strong>vituperasse,</strong></span> <span class='ocrx_word' id='word_1_116' title='bbox 745 2288 777 2339; x_wconf 87' lang='lat' dir='ltr'><strong>et</strong></span> <span class='ocrx_word' id='word_1_117' title='bbox 806 2291 874 2341; x_wconf 88' lang='lat' dir='ltr'><strong>non</strong></span> <span class='ocrx_word' id='word_1_118' title='bbox 910 2289 1038 2340; x_wconf 87' lang='lat' dir='ltr'><strong>servum</strong></span> <span class='ocrx_word' id='word_1_119' title='bbox 1066 2265 1192 2350; x_wconf 88' lang='lat' dir='ltr'><strong>potius.</strong></span> 
     </span>
     <span class='ocr_line' id='line_1_19' title="bbox 219 2374 1212 2472; baseline -0.018 -17"><span class='ocrx_word' id='word_1_120' title='bbox 219 2385 417 2472; x_wconf 85' lang='lat' dir='ltr'><strong>scriptorum</strong></span> <span class='ocrx_word' id='word_1_121' title='bbox 451 2398 578 2447; x_wconf 82' lang='lat' dir='ltr'><strong>examen</strong></span> <span class='ocrx_word' id='word_1_122' title='bbox 608 2391 748 2460; x_wconf 89' lang='lat' dir='ltr'><strong>notare,</strong></span> <span class='ocrx_word' id='word_1_123' title='bbox 794 2397 879 2462; x_wconf 89' lang='lat' dir='ltr'><strong>quos</strong></span> <span class='ocrx_word' id='word_1_124' title='bbox 913 2374 1066 2444; x_wconf 87' lang='lat' dir='ltr'><strong>credibile</strong></span> <span class='ocrx_word' id='word_1_125' title='bbox 1103 2387 1175 2453; x_wconf 90' lang='lat' dir='ltr'><strong>est,</strong></span> <span class='ocrx_word' id='word_1_126' title='bbox 1208 2455 1212 2462; x_wconf 20' lang='grc' dir='ltr'><strong>Δ</strong></span> 
     </span>
     <span class='ocr_line' id='line_1_20' title="bbox 219 2475 1177 2579; baseline -0.021 -17"><span class='ocrx_word' id='word_1_127' title='bbox 219 2491 359 2579; x_wconf 83' lang='lat' dir='ltr'><strong>cognitis</strong></span> <span class='ocrx_word' id='word_1_128' title='bbox 386 2489 530 2558; x_wconf 81' lang='lat' dir='ltr'><strong>Platonis</strong></span> <span class='ocrx_word' id='word_1_129' title='bbox 557 2475 672 2566; x_wconf 80' lang='lat' dir='ltr'><strong>libris,</strong></span> <span class='ocrx_word' id='word_1_130' title='bbox 697 2483 731 2551; x_wconf 90' lang='lat' dir='ltr'><strong>in</strong></span> <span class='ocrx_word' id='word_1_131' title='bbox 760 2497 905 2568; x_wconf 82' lang='lat' dir='ltr'><strong>apertum</strong></span> <span class='ocrx_word' id='word_1_132' title='bbox 935 2499 1104 2566; x_wconf 90' lang='lat' dir='ltr'><strong>campum,</strong></span> <span class='ocrx_word' id='word_1_133' title='bbox 1138 2492 1177 2543; x_wconf 91' lang='lat' dir='ltr'><strong>ut</strong></span> 
     </span>
     <span class='ocr_line' id='line_1_21' title="bbox 221 2583 1182 2681; baseline -0.022 -14"><span class='ocrx_word' id='word_1_134' title='bbox 221 2601 282 2681; x_wconf 83' lang='lat' dir='ltr'><strong>iit,</strong></span> <span class='ocrx_word' id='word_1_135' title='bbox 314 2597 484 2666; x_wconf 76' lang='lat' dir='ltr'><strong>involisso.</strong></span> <span class='ocrx_word' id='word_1_136' title='bbox 515 2610 548 2661; x_wconf 92' lang='lat' dir='ltr'><strong>et</strong></span> <span class='ocrx_word' id='word_1_137' title='bbox 585 2592 711 2662; x_wconf 80' lang='lat' dir='ltr'><strong>latsdetn</strong></span> <span class='ocrx_word' id='word_1_138' title='bbox 750 2589 929 2658; x_wconf 89' lang='lat' dir='ltr'><strong>imitatione</strong></span> <span class='ocrx_word' id='word_1_139' title='bbox 966 2583 1182 2670; x_wconf 77' lang='lat' dir='ltr'><strong>quaesivisse:</strong></span> 
     </span>
     <span class='ocr_line' id='line_1_22' title="bbox 220 2685 1177 2790; baseline -0.027 -16"><span class='ocrx_word' id='word_1_140' title='bbox 220 2707 312 2790; x_wconf 88' lang='lat' dir='ltr'><strong>Quae</strong></span> <span class='ocrx_word' id='word_1_141' title='bbox 336 2704 434 2772; x_wconf 80' lang='lat' dir='ltr'><strong>verba</strong></span> <span class='ocrx_word' id='word_1_142' title='bbox 458 2701 487 2768; x_wconf 91' lang='lat' dir='ltr'><strong>si</strong></span> <span class='ocrx_word' id='word_1_143' title='bbox 513 2699 588 2784; x_wconf 89' lang='lat' dir='ltr'><strong>quis</strong></span> <span class='ocrx_word' id='word_1_144' title='bbox 618 2697 662 2764; x_wconf 89' lang='lat' dir='ltr'><strong>ita</strong></span> <span class='ocrx_word' id='word_1_145' title='bbox 690 2695 774 2764; x_wconf 89' lang='lat' dir='ltr'><strong>nolit</strong></span> <span class='ocrx_word' id='word_1_146' title='bbox 799 2695 981 2778; x_wconf 84' lang='lat' dir='ltr'><strong>explicare,</strong></span> <span class='ocrx_word' id='word_1_147' title='bbox 1003 2689 1087 2754; x_wconf 89' lang='lat' dir='ltr'><strong>dicat</strong></span> <span class='ocrx_word' id='word_1_148' title='bbox 1117 2685 1177 2770; x_wconf 85' lang='lat' dir='ltr'><strong>igi-</strong></span> 
     </span>
     <span class='ocr_line' id='line_1_23' title="bbox 219 2793 1178 2898; baseline -0.024 -18"><span class='ocrx_word' id='word_1_149' title='bbox 219 2828 273 2880; x_wconf 89' lang='lat' dir='ltr'><strong>tur</strong></span> <span class='ocrx_word' id='word_1_150' title='bbox 295 2801 468 2882; x_wconf 88' lang='lat' dir='ltr'><strong>Isocratem</strong></span> <span class='ocrx_word' id='word_1_151' title='bbox 494 2825 584 2890; x_wconf 86' lang='lat' dir='ltr'><strong>spem</strong></span> <span class='ocrx_word' id='word_1_152' title='bbox 610 2804 753 2878; x_wconf 86' lang='lat' dir='ltr'><strong>Socratis</strong></span> <span class='ocrx_word' id='word_1_153' title='bbox 773 2801 946 2878; x_wconf 87' lang='lat' dir='ltr'><strong>fefellisse,</strong></span> <span class='ocrx_word' id='word_1_154' title='bbox 970 2798 1063 2880; x_wconf 86' lang='lat' dir='ltr'><strong>cujus</strong></span> <span class='ocrx_word' id='word_1_155' title='bbox 1079 2793 1178 2898; x_wconf 30' lang='lat' dir='ltr'><strong>deleo</strong></span> 
     </span>
    </p>
   </div>
   <div class='ocr_carea' id='block_1_3' title="bbox 217 2903 1179 3104">
    <p class='ocr_par' dir='ltr' id='par_1_3' title="bbox 217 2903 1179 3104">
     <span class='ocr_line' id='line_1_24' title="bbox 217 2903 1178 2992; baseline -0.02 -3"><span class='ocrx_word' id='word_1_156' title='bbox 217 2923 423 2988; x_wconf 90' lang='lat' dir='ltr'><strong>adolescente</strong></span> <span class='ocrx_word' id='word_1_157' title='bbox 469 2913 719 2992; x_wconf 89' lang='lat' dir='ltr'><strong>testimonium,</strong></span> <span class='ocrx_word' id='word_1_158' title='bbox 757 2908 893 2991; x_wconf 74' lang='lat' dir='ltr'><strong>phaedr,</strong></span> <span class='ocrx_word' id='word_1_159' title='bbox 933 2925 968 2990; x_wconf 88' lang='lat' dir='ltr'><strong>p.</strong></span> <span class='ocrx_word' id='word_1_160' title='bbox 1001 2923 1090 2992; x_wconf 61' lang='lat'><strong>279,</strong></span> <span class='ocrx_word' id='word_1_161' title='bbox 1112 2903 1178 2984; x_wconf 82' lang='lat' dir='ltr'><strong>A,</strong></span> 
     </span>
     <span class='ocr_line' id='line_1_25' title="bbox 219 3009 1179 3104; baseline -0.026 -6"><span class='ocrx_word' id='word_1_162' title='bbox 219 3051 236 3097; x_wconf 94' lang='lat' dir='ltr'><strong>a</strong></span> <span class='ocrx_word' id='word_1_163' title='bbox 264 3028 424 3096; x_wconf 83' lang='lat' dir='ltr'><strong>Cicerone</strong></span> <span class='ocrx_word' id='word_1_164' title='bbox 454 3018 547 3089; x_wconf 86' lang='lat' dir='ltr'><strong>Orat.</strong></span> <span class='ocrx_word' id='word_1_165' title='bbox 569 3041 635 3104; x_wconf 83' lang='lat'><strong>13,</strong></span> <span class='ocrx_word' id='word_1_166' title='bbox 673 3014 721 3082; x_wconf 90' lang='lat' dir='ltr'><strong>sic</strong></span> <span class='ocrx_word' id='word_1_167' title='bbox 743 3012 901 3079; x_wconf 86' lang='lat' dir='ltr'><strong>vertitur:</strong></span> <span class='ocrx_word' id='word_1_168' title='bbox 952 3058 972 3094; x_wconf 80' lang='lat'>„</span> <span class='ocrx_word' id='word_1_169' title='bbox 994 3009 1179 3080; x_wconf 77' lang='lat' dir='ltr'><strong>Adolescens</strong></span> 
     </span>
    </p>
   </div>
   <div class='ocr_carea' id='block_1_4' title="bbox 221 3112 1182 3323">
    <p class='ocr_par' dir='ltr' id='par_1_4' title="bbox 221 3112 1182 3323">
     <span class='ocr_line' id='line_1_26' title="bbox 221 3112 1182 3211; baseline -0.023 -11"><span class='ocrx_word' id='word_1_170' title='bbox 221 3140 316 3200; x_wconf 82' lang='lat' dir='ltr'><strong>etiam</strong></span> <span class='ocrx_word' id='word_1_171' title='bbox 346 3152 450 3211; x_wconf 84' lang='lat' dir='ltr'><strong>nunc,</strong></span> <span class='ocrx_word' id='word_1_172' title='bbox 483 3151 499 3194; x_wconf 86' lang='lat' dir='ltr'><strong>o</strong></span> <span class='ocrx_word' id='word_1_173' title='bbox 532 3121 698 3203; x_wconf 77' lang='lat' dir='ltr'><strong>Phaedre,</strong></span> <span class='ocrx_word' id='word_1_174' title='bbox 729 3118 883 3186; x_wconf 77' lang='lat' dir='ltr'><strong>Isocrates</strong></span> <span class='ocrx_word' id='word_1_175' title='bbox 906 3136 982 3188; x_wconf 76' lang='lat' dir='ltr'><strong>ost:</strong></span> <span class='ocrx_word' id='word_1_176' title='bbox 1012 3118 1067 3187; x_wconf 78' lang='lat' dir='ltr'><strong>sad</strong></span> <span class='ocrx_word' id='word_1_177' title='bbox 1100 3112 1182 3205; x_wconf 83' lang='lat' dir='ltr'><strong>quid</strong></span> 
     </span>
     <span class='ocr_line' id='line_1_27' title="bbox 222 3221 1178 3323; baseline -0.021 -19"><span class='ocrx_word' id='word_1_178' title='bbox 222 3236 259 3304; x_wconf 80' lang='lat' dir='ltr'><strong>de</strong></span> <span class='ocrx_word' id='word_1_179' title='bbox 294 3237 348 3304; x_wconf 83' lang='lat' dir='ltr'><strong>illo</strong></span> <span class='ocrx_word' id='word_1_180' title='bbox 383 3253 554 3323; x_wconf 81' lang='lat' dir='ltr'><strong>augurer,</strong></span> <span class='ocrx_word' id='word_1_181' title='bbox 589 3231 673 3298; x_wconf 77' lang='lat' dir='ltr'><strong>lubet</strong></span> <span class='ocrx_word' id='word_1_182' title='bbox 709 3228 828 3296; x_wconf 78' lang='lat' dir='ltr'><strong>dicere.</strong></span> <span class='ocrx_word' id='word_1_183' title='bbox 873 3226 971 3316; x_wconf 67' lang='lat' dir='ltr'><strong>Quid</strong></span> <span class='ocrx_word' id='word_1_184' title='bbox 1009 3221 1178 3292; x_wconf 73' lang='lat' dir='ltr'><strong>tandem?</strong></span> 
     </span>
    </p>
   </div>
   <div class='ocr_carea' id='block_1_5' title="bbox 222 3328 1294 3427">
    <p class='ocr_par' dir='ltr' id='par_1_5' title="bbox 222 3328 1294 3427">
     <span class='ocr_line' id='line_1_28' title="bbox 222 3328 1294 3427; baseline -0.018 -21"><span class='ocrx_word' id='word_1_185' title='bbox 222 3344 326 3427; x_wconf 81' lang='lat' dir='ltr'><strong>inquit</strong></span> <span class='ocrx_word' id='word_1_186' title='bbox 365 3342 432 3407; x_wconf 85' lang='lat' dir='ltr'><strong>ill.</strong></span> <span class='ocrx_word' id='word_1_187' title='bbox 499 3339 629 3422; x_wconf 80' lang='lat' dir='ltr'><strong>Majore</strong></span> <span class='ocrx_word' id='word_1_188' title='bbox 668 3339 748 3405; x_wconf 83' lang='lat' dir='ltr'><strong>mihi</strong></span> <span class='ocrx_word' id='word_1_189' title='bbox 788 3339 912 3422; x_wconf 81' lang='lat' dir='ltr'><strong>ingenio</strong></span> <span class='ocrx_word' id='word_1_190' title='bbox 958 3328 1085 3398; x_wconf 74' lang='lat' dir='ltr'><strong>uidetur</strong></span> <span class='ocrx_word' id='word_1_191' title='bbox 1134 3343 1181 3388; x_wconf 79' lang='lat' dir='ltr'><strong>es·</strong></span> <span class='ocrx_word' id='word_1_192' title='bbox 1290 3377 1294 3398; x_wconf 58' lang='lat'><em>„</em></span> 
     </span>
    </p>
   </div>
   <div class='ocr_carea' id='block_1_6' title="bbox 215 3441 1288 3948">
    <p class='ocr_par' dir='ltr' id='par_1_6' title="bbox 220 3441 1233 3536">
     <span class='ocr_line' id='line_1_29' title="bbox 220 3441 1233 3536; baseline -0.018 -23"><span class='ocrx_word' id='word_1_193' title='bbox 220 3467 271 3526; x_wconf 82' lang='lat' dir='ltr'><strong>sa,</strong></span> <span class='ocrx_word' id='word_1_194' title='bbox 297 3466 389 3533; x_wconf 84' lang='lat' dir='ltr'><strong>quam</strong></span> <span class='ocrx_word' id='word_1_195' title='bbox 423 3461 460 3511; x_wconf 83' lang='lat' dir='ltr'><strong>ut</strong></span> <span class='ocrx_word' id='word_1_196' title='bbox 492 3467 564 3512; x_wconf 82' lang='lat' dir='ltr'><strong>cum</strong></span> <span class='ocrx_word' id='word_1_197' title='bbox 595 3441 789 3536; x_wconf 62' lang='lat' dir='ltr'><strong>orationum</strong></span> <span class='ocrx_word' id='word_1_198' title='bbox 812 3441 928 3523; x_wconf 79' lang='lat' dir='ltr'><strong>Lysiae</strong></span> <span class='ocrx_word' id='word_1_199' title='bbox 962 3443 1179 3519; x_wconf 78' lang='lat' dir='ltr'><strong>comparetur.</strong></span> <span class='ocrx_word' id='word_1_200' title='bbox 1230 3507 1233 3518; x_wconf 31' lang='lat'>¹</span> 
     </span>
    </p>

    <p class='ocr_par' dir='ltr' id='par_1_7' title="bbox 219 3537 1179 3633">
     <span class='ocr_line' id='line_1_30' title="bbox 219 3537 1179 3633; baseline -0.022 -12"><span class='ocrx_word' id='word_1_201' title='bbox 219 3553 393 3621; x_wconf 77' lang='lat' dir='ltr'><strong>Praeterea</strong></span> <span class='ocrx_word' id='word_1_202' title='bbox 426 3549 473 3618; x_wconf 83' lang='lat' dir='ltr'><strong>ad</strong></span> <span class='ocrx_word' id='word_1_203' title='bbox 497 3555 649 3618; x_wconf 74' lang='lat' dir='ltr'><strong>uirtutem</strong></span> <span class='ocrx_word' id='word_1_204' title='bbox 674 3537 780 3633; x_wconf 70' lang='lat' dir='ltr'><strong>major</strong></span> <span class='ocrx_word' id='word_1_205' title='bbox 813 3541 951 3611; x_wconf 80' lang='lat' dir='ltr'><strong>indoles:</strong></span> <span class='ocrx_word' id='word_1_206' title='bbox 983 3551 1019 3600; x_wconf 83' lang='lat' dir='ltr'><strong>ut</strong></span> <span class='ocrx_word' id='word_1_207' title='bbox 1050 3538 1179 3600; x_wconf 78' lang='lat' dir='ltr'><strong>minime</strong></span> 
     </span>
    </p>

    <p class='ocr_par' dir='ltr' id='par_1_8' title="bbox 219 3641 1177 3745">
     <span class='ocr_line' id='line_1_31' title="bbox 219 3641 1177 3745; baseline -0.026 -19"><span class='ocrx_word' id='word_1_208' title='bbox 219 3664 337 3726; x_wconf 84' lang='lat' dir='ltr'><strong>mirum</strong></span> <span class='ocrx_word' id='word_1_209' title='bbox 362 3658 520 3745; x_wconf 80' lang='lat' dir='ltr'><strong>futurum</strong></span> <span class='ocrx_word' id='word_1_210' title='bbox 553 3661 613 3738; x_wconf 84' lang='lat' dir='ltr'><strong>sit,</strong></span> <span class='ocrx_word' id='word_1_211' title='bbox 644 3660 693 3738; x_wconf 84' lang='lat' dir='ltr'><strong>si,</strong></span> <span class='ocrx_word' id='word_1_212' title='bbox 725 3675 795 3722; x_wconf 76' lang='lat' dir='ltr'><strong>ctam</strong></span> <span class='ocrx_word' id='word_1_213' title='bbox 823 3661 927 3718; x_wconf 73' lang='lat' dir='ltr'><strong>aetate</strong></span> <span class='ocrx_word' id='word_1_214' title='bbox 956 3641 1177 3729; x_wconf 77' lang='lat' dir='ltr'><strong>processerit,</strong></span> 
     </span>
    </p>

    <p class='ocr_par' dir='ltr' id='par_1_9' title="bbox 215 3724 1288 3948">
     <span class='ocr_line' id='line_1_32' title="bbox 215 3724 1288 3846; baseline -0.032 -6"><span class='ocrx_word' id='word_1_215' title='bbox 215 3785 276 3844; x_wconf 68' lang='lat' dir='ltr'><strong>aaa</strong></span> <span class='ocrx_word' id='word_1_216' title='bbox 311 3773 347 3840; x_wconf 79' lang='lat' dir='ltr'><strong>in</strong></span> <span class='ocrx_word' id='word_1_217' title='bbox 382 3769 438 3836; x_wconf 80' lang='lat' dir='ltr'><strong>doc</strong></span> <span class='ocrx_word' id='word_1_218' title='bbox 465 3767 643 3835; x_wconf 81' lang='lat' dir='ltr'><strong>orationum</strong></span> <span class='ocrx_word' id='word_1_219' title='bbox 675 3779 820 3846; x_wconf 73' lang='lat' dir='ltr'><strong>genere,</strong></span> <span class='ocrx_word' id='word_1_220' title='bbox 849 3755 901 3822; x_wconf 83' lang='lat' dir='ltr'><strong>cui</strong></span> <span class='ocrx_word' id='word_1_221' title='bbox 937 3769 1019 3815; x_wconf 84' lang='lat' dir='ltr'><strong>nunc</strong></span> <span class='ocrx_word' id='word_1_222' title='bbox 1049 3745 1176 3827; x_wconf 79' lang='lat' dir='ltr'><strong>studet,</strong></span> <span class='ocrx_word' id='word_1_223' title='bbox 1242 3763 1245 3768; x_wconf 92' lang='lat'>·</span> <span class='ocrx_word' id='word_1_224' title='bbox 1273 3724 1288 3751; x_wconf 58' lang='lat'>²</span> 
     </span>
     <span class='ocr_line' id='line_1_33' title="bbox 263 3858 1179 3948; baseline -0.027 -7"><span class='ocrx_word' id='word_1_225' title='bbox 263 3891 265 3896; x_wconf 79' lang='grc'>’</span> <span class='ocrx_word' id='word_1_226' title='bbox 581 3911 589 3928; x_wconf 81' lang='lat'><strong>·</strong></span> <span class='ocrx_word' id='word_1_227' title='bbox 722 3864 747 3930; x_wconf 86' lang='lat' dir='ltr'>P</span> <span class='ocrx_word' id='word_1_228' title='bbox 775 3877 794 3948; x_wconf 75' lang='lat'>3</span> <span class='ocrx_word' id='word_1_229' title='bbox 840 3858 851 3880; x_wconf 55' lang='lat'><strong>¹*</strong></span> <span class='ocrx_word' id='word_1_230' title='bbox 1062 3898 1084 3936; x_wconf 84' lang='lat'>„</span> <span class='ocrx_word' id='word_1_231' title='bbox 1104 3866 1179 3918; x_wconf 86' lang='lat' dir='ltr'><strong>tan-</strong></span> 
     </span>
    </p>
   </div>
   <div class='ocr_carea' id='block_1_7' title="bbox 0 0 1442 4684">
    <p class='ocr_par' dir='ltr' id='par_1_10' title="bbox 0 0 1442 4684">
     <span class='ocr_line' id='line_1_34' title="bbox 0 0 1442 4684; baseline 0 0"><span class='ocrx_word' id='word_1_232' title='bbox 0 0 1442 4684; x_wconf 95' lang='lat' dir='ltr'><strong> </strong></span> 
     </span>
    </p>
   </div>
  </div>
 </body>
</html>
