2824 4688
366 415 386 466 a
784 383 913 476 ΕΞ,
1004 425 1011 438 “

364 599 510 656 retexunt
531 580 747 654 monumentis
775 589 977 668 populorum
994 591 1181 666 meditandis
1201 601 1239 668 ad
1264 621 1317 672 tn·

367 687 553 780 (iquitatis,
587 707 622 758 ut
649 689 693 758 ita
722 677 844 770 dicatu,
868 691 1005 759 indolem
1032 717 1210 782 penetrare
1256 709 1315 774 lta

369 825 453 888 que,
473 815 682 885 posteaquam
699 794 840 860 Platonis
859 794 1035 868 incredibili
1054 814 1208 880 suavitate
1217 835 1317 901 ‚gra-

368 912 490 990 pisata,
507 899 710 968 subilmitate
736 897 888 964 delinitus
914 903 953 968 ad
963 909 1055 1008 ejus.
1068 915 1236 986 lectionem
1251 924 1315 993 ad·

367 1021 551 1084 haerescere
569 1022 771 1086 coeprssem
793 1015 828 1067 ut
848 1003 907 1069 alia
928 993 1051 1078 rniinrta
1070 1035 1232 1105 omrttam
1256 1027 1316 1092 hoc
1352 1103 1353 1110 ἵ

362 1113 501 1190 tnirffice
514 1115 662 1181 ardorem
680 1105 796 1172 amotis
817 1109 927 1192 auxit,
949 1114 1038 1195 quod
1053 1115 1151 1190 multa
1170 1127 1320 1197 historiae

367 1227 463 1306 loca,
478 1239 567 1304 quae
594 1214 711 1284 caeteri
734 1210 915 1294 scriptores
932 1236 986 1287 aut
1010 1231 1318 1320 praetermisissent,

371 1348 524 1399 autnon
558 1323 621 1394 nisi
647 1319 759 1386 leviter
788 1317 990 1409 tetigissent,
1020 1333 1162 1404 Platonis
1191 1339 1319 1424 scriptis

371 1436 491 1520 expleri
512 1427 738 1512 intelligebam.
783 1425 946 1510 Inprimis
965 1437 1100 1505 mirabar
1116 1460 1214 1509 artem
1225 1467 1322 1528 ‚qua

369 1546 405 1612 in
435 1538 599 1624 plerisque
620 1531 811 1616 *Dialogis‚¹
829 1543 931 1620 prope
957 1537 1059 1606 dicam
1079 1543 1124 1610 'in
1148 1495 1320 1633 omnibus,

368 1649 594 1725 colloquentes
623 1637 839 1720 depinguntur
870 1640 936 1725 ita,
968 1661 1005 1718 ut
1033 1648 1140 1715 audire
1167 1651 1256 1738 ipsos
1291 1677 1322 1723 er

370 1753 478 1819 videte
502 1746 640 1816 videare.
692 1747 791 1832 Quod
822 1745 850 1812 si
886 1749 934 1816 illi
959 1752 1208 1839 inducerentur,
1243 1781 1323 1842 quo·

370 1861 441 1924 rods
460 1875 616 1937 parvum,
639 1867 694 1918 aot
720 1856 844 1918 nullum
866 1872 951 1922 esset
974 1857 1007 1924 in
1030 1861 1163 1929 historin
1180 1885 1321 1948 nomen,

372 1968 435 2051 jam
452 1963 498 2029 sic
516 1959 659 2028 Platonis
678 1959 819 2041 scripta,
838 1961 896 2026 lrac
915 1983 1045 2045 quoque
1061 1967 1099 2032 de
1115 1989 1233 2056 causa,
1253 1996 1325 2041 cunr

372 2068 562 2148 suavitatis,
592 2080 658 2130 tum
692 2066 731 2130 ad
761 2065 955 2132 Graecarum
982 2087 1085 2135 rerum
1109 2079 1324 2160 cognitionem

373 2178 521 2247 utilitatis
541 2172 714 2256 plurimum
734 2168 881 2239 afferrent
895 2191 915 2262 :¹
930 2191 1016 2238 nunc
1033 2195 1111 2244 vero
1130 2181 1328 2254 inducuntur

374 2285 421 2366 it,
445 2282 502 2364 qui
528 2278 653 2362 inipso
679 2279 758 2357 flore
787 2277 947 2359 ciuitatis,
970 2279 1222 2373 ingenioseque
1251 2297 1327 2361 doc·

376 2395 461 2460 trina
479 2386 579 2472 magis
607 2383 698 2448 etiam
724 2403 816 2465 quarn
841 2379 934 2450 aruris
964 2388 1174 2472 principatum
1205 2399 1238 2464 in
1259 2417 1327 2468 tota

377 2493 513 2566 Graecia
530 2490 689 2570 tenentis,
711 2488 779 2555 sive
796 2510 900 2558 terum
916 2493 1098 2560 bellicarum
1119 2501 1241 2582 gloria,
1261 2505 1332 2571 sive

375 2595 465 2688 pacis
491 2597 637 2676 auibus,
659 2595 728 2661 sive
750 2596 935 2677 eloquentia
949 2631 964 2679 ,·
983 2598 1051 2664 sive
1075 2604 1251 2674 urbanitate
1275 2629 1331 2675 ex·

372 2707 571 2778 calluerunt.
614 2700 715 2768 Viros
740 2707 879 2768 cetlrere¹
894 2711 1022 2788 tantos,
1046 2717 1113 2774 non
1135 2716 1237 2779 multo
1250 2741 1257 2768 ι
1272 2735 1334 2797 pu·

375 2817 479 2883 olicae
504 2811 586 2882 lucis
614 2807 782 2893 splendore
803 2807 953 2892 cinctos3'
978 2815 1020 2914 al?
1035 2833 1168 2884 cernere
1193 2819 1333 2889 nodatos

376 2915 467 2990 omni
490 2935 609 3004 pourpa
635 2931 667 2982 et
689 2915 865 2998 apparatu,
887 2917 1037 2988 detractis
1065 2926 1214 2994 omnibus
1238 2947 1334 2995 orna·

355 3025 522 3105 -mentis‘,
553 3021 632 3090 non'
647 3025 760 3103 quoles
786 3022 879 3089 nobis
892 3072 903 3102 ‚
917 3040 920 3052 ·
936 3029 1074 3108 posteris
1106 3033 1196 3122 suis,
1229 3035 1333 3101 videri

379 3129 577 3210 voluerunt,
607 3129 664 3197 sed
693 3129 802 3210 quales
834 3133 986 3200 accmimo
1017 3139 1194 3219 aequalium
1223 3144 1338 3212 existi·

376 3236 495 3306 stratori
516 3235 697 3317 visisunt,
719 3239 819 3305 veluti
845 3241 878 3308 in
896 3259 1021 3309 scenam
1041 3242 1235 3314 'Platonicam
1249 3237 1337 3334 ‘pro-

377 3347 546 3414 'deuntest
576 3343 653 3408 haec'
688 3342 786 3428 igitur
820 3347 1029 3417 mediocrisne
1062 3351 1267 3439 censebitur,
1302 3373 1337 3426 et

380 3473 450 3524 mon
469 3452 546 3518 tni'ta
568 3449 679 3534 potius
703 3453 740 3518 ac
762 3451 930 3536 singularis
956 3458 1130 3536 voluptas?
1175 3465 1247 3549 Ego
1265 3487 1339 3532 cer·

376 3573 414 3630 tc
432 3561 477 3626 ita
508 3559 630 3652 mecum
657 3555 728 3639 ipse
749 3559 948 3642 cogitabam:
978 3560 1124 3634 videmus
1157 3561 1335 3639 historico-

377 3669 453 3734 'ru‘m
478 3681 575 3746 opera
593 3661 721 3728 curiose
744 3665 871 3745 evolvi,
896 3682 931 3730 ut
953 3685 1004 3732 res
1021 3668 1182 3740 discantur
1201 3695 1217 3738 a
1245 3688 1338 3743 vete·

379 3769 473 3838 'tibus
492 3783 613 3856 gestae:
638 3771 805 3838 ttrcleribus
823 3788 855 3839 et
878 3775 1022 3864 crrjusvis
1042 3777 1165 3863 generis
1188 3781 1340 3863 reliqniis

1261 3909 1338 3959 tum
