2842 4682
290 409 355 506 ur
582 525 583 532 q
697 399 849 470 ²·--··‡

284 586 395 668 Itaque
423 604 490 679 non
507 587 712 670 desperabat,
734 587 763 654 si
783 599 925 656 tenerum
943 583 1070 673 juvenis
1092 582 1236 662 animuin

284 692 464 774 honestatis
480 714 597 760 ·amore
615 694 780 760 incendere
803 691 986 775 potuisset,
1009 689 1245 775 opportunitas.

284 811 349 862 tem
374 818 409 864 se
427 798 609 874 habiturum
637 820 693 881 ea,
719 815 799 878 quae
817 810 1009 876 exposuerat
1034 797 1139 864 verbis
1154 841 1165 876 ,
1182 817 1233 862 τοι

282 920 353 972 rum
383 899 457 980 item
485 902 677 970 testimoniis
709 900 938 980 confirmandi,
966 901 1161 985 Siciliaeque
1180 905 1244 976 ad.

282 1004 442 1088 perfectae
462 1001 549 1080 iliius
568 1008 705 1076 civitatis
730 1007 904 1083 rationem,
929 1025 1022 1087 quarn
1039 1009 1238 1092 cogitatione

281 1119 498 1208 conceperat,¹
530 1113 654 1197 legibus
685 1111 980 1185 accommodandae.
1022 1116 1086 1183 Sed
1110 1117 1234 1200 primus

279 1221 396 1300 ardor,
420 1220 488 1286 sive
516 1239 637 1302 verus,
661 1219 730 1286 sive
748 1219 866 1298 fictus,
885 1215 976 1286 brevi
998 1235 1081 1290 certe
1099 1221 1132 1295 in
1151 1220 1234 1300 Dio-

279 1325 377 1407 nysio
396 1326 572 1400 exstinctus
594 1341 654 1400 est.
700 1326 804 1412 Quem
831 1343 904 1397 cum
934 1324 1033 1405 patris
1057 1326 1237 1400 inritatione

278 1429 319 1506 ad
350 1419 557 1512 impotentem
581 1430 777 1496 dominatum
804 1430 881 1496 ferri
906 1431 1049 1516 videret;
1081 1434 1121 1501 ad
1151 1453 1237 1516 oro«

166 1553 168 1556 ·
277 1551 337 1600 rurs
367 1535 504 1606 indolem
529 1553 603 1615 spes
625 1552 698 1603 suas
725 1534 927 1603 convertisse
954 1538 1091 1601 videtur.
1133 1537 1234 1610 Hunc
1317 1607 1320 1616 ,

276 1637 359 1710 enirn
381 1638 614 1720 Dionysiorum
641 1649 838 1716 cognatum,
862 1637 917 1718 qui
936 1629 1040 1704 fuerat
1057 1637 1136 1721 ipsis
1156 1639 1230 1705 Pla«

272 1757 382 1816 tonern
406 1743 585 1821 arcessendi
610 1757 745 1823 auctor,
768 1746 812 1810 ira
830 1741 945 1814 imbuit
971 1741 1113 1826 justitiae
1139 1763 1232 1826 prae·

273 1848 401 1930 ceptis,
431 1865 468 1916 ut
502 1864 630 1916 eatenus
662 1845 773 1919 saltent
799 1867 874 1918 vere
901 1846 1026 1936 dicatur
1040 1847 1234 1931 ipsunt-ad

273 1953 466 2032 liberandam
492 1953 625 2038 patriam
650 1953 836 2037 impulisse,
868 1953 1080 2032 instruxisse,
1110 1951 1232 2022 aroris«

275 2078 336 2126 se:
362 2060 436 2128 Cic.
471 2061 563 2134 Orat.
586 2061 645 2132 111.
672 2083 726 2146 33.
772 2062 938 2134 Venerunt
964 2057 1059 2142 igitur
1079 2060 1235 2144 magister

276 2179 309 2228 er
340 2165 519 2248 discipulus
545 2165 579 2233 in
611 2168 827 2252 suspicionem
856 2181 1015 2247 tyranno,
1037 2167 1130 2244 cuius
1154 2167 1232 2252 vin·¹

273 2267 391 2352 dictatu
416 2287 483 2346 non
511 2269 579 2346 sine
602 2291 728 2344 summo
753 2271 838 2342 vitae
863 2268 1007 2351 periculo
1034 2290 1106 2344 curn
1127 2272 1231 2341 vitis,

273 2387 370 2453 sent,
393 2371 458 2438 Dio
485 2373 518 2440 in
543 2379 682 2454 Siciliam
708 2395 806 2462 parua
830 2393 925 2439 manu
952 2394 1098 2447 reversus
1122 2399 1232 2465 popu-

273 2477 356 2552 lares
394 2496 412 2548 e
442 2478 615 2554 durissimo
650 2486 744 2568 jugo,
763 2479 936 2550 liberavit:
971 2479 1134 2562 rebusque
1162 2500 1228 2554 tam

272 2602 427 2668 prospere
443 2587 564 2670 gestis,
580 2587 666 2658 dedit
684 2607 811 2670 operam
824 2583 1017 2667 reipublicae
1034 2578 1229 2665 ordinandae

272 2707 347 2756 curn
378 2709 576 2778 rnnoporn
605 2695 763 2763 avunculo
796 2707 828 2758 et
854 2709 1071 2762 nonacrrorr
1107 2699 1225 2765 tollens

274 2796 333 2870 dae
354 2800 530 2888 tyrannidis
557 2798 722 2888 adjutore:
748 2817 825 2864 mox
845 2815 921 2866 vero
943 2793 1074 2871 fortuna
1094 2801 1219 2880 elatos,

274 2899 474 2974 dissensione
498 2905 580 2972 inter
605 2907 712 2990 ipsum
737 2923 770 2974 et
797 2903 996 2978 Heraclidem
1021 2920 1111 2987 orta,
1133 2906 1221 2982 hunc

200 3082 202 3086 ,
270 3003 526 3082 interficiendum
563 3015 708 3097 cutavitp
744 3013 829 3080 haud
862 3011 905 3080 ita
939 3012 1042 3076 molto
1080 3028 1153 3096 post
1188 3029 1224 3092 et

270 3109 341 3198 ipse
366 3111 514 3193 occisus,
536 3133 609 3188 curn
637 3121 670 3186 in
697 3118 869 3182 multorum
894 3111 1042 3186 invidiam
1069 3119 1223 3189 incurris.

269 3236 334 3290 set.
379 3219 467 3291 Haec
494 3220 628 3311 strictim
646 3223 744 3290 relata
762 3219 866 3288 fusius
888 3237 1092 3301 exponuntur
1109 3226 1224 3312 Epist,

269 3323 510 3408 11,111‚1V,
540 3325 702 3410 inprimis
734 3325 800 3408 Ep.
816 3324 902 3406 VII,
936 3325 1012 3414 item
1033 3328 1099 3413 Ep.
1120 3333 1224 3410 Xllle

268 3430 306 3506 in
338 3432 454 3512 quibus
493 3451 559 3499 non
593 3433 685 3516 pauci
721 3433 866 3516 homines
904 3431 1106 3516 reperiuntur
1145 3459 1223 3510 cunr

268 3533 444 3620 Dionysii,
465 3535 581 3606 Dionis
604 3539 772 3622 ipsiusque
789 3537 931 3610 Platonis
949 3526 1045 3604 rebus
1068 3544 1223 3623 quodam..

272 3643 368 3708 modo
384 3645 510 3729 junctis
535 3663 721 3718 urrunnun
743 3645 829 3727 duo,
851 3644 1002 3730 Dionysii
1019 3645 1155 3734 Maioris
1172 3654 1221 3724 al·
1295 3719 1299 3728 ,

272 3741 369 3824 tcrin
389 3745 475 3818 bello
497 3749 656 3824 Siciliensi
672 3753 815 3840 collega,
839 3754 950 3844 Epist.
970 3753 1058 3828 Vlll.
1079 3773 1118 3842 p.
1136 3772 1215 3838 353,
