2874 4684
596 366 705 426 -·''···-
1075 369 1125 460 ‘7⁵

171 564 264 636 hlei
277 560 409 640 ’πολλὴ
430 552 895 646 μένοντὲτεαῦκαὶφιρὸμενα.
941 557 998 625 cf.
1020 557 1126 634 Heio,

171 671 265 744 dori.
289 671 332 738 ao
350 665 489 736 Phaedt.
512 685 546 747 p.
566 684 641 749 302.
684 661 766 734 Nam
794 662 1066 748 pareretipsum,
1087 665 1127 746 ap

174 777 406 862 sophistarum
432 771 582 842 rationem
609 772 848 856 argumentandi
876 769 1024 858 proxime
1038 789 1127 844 acres

173 891 330 964 dentem,
347 878 486 952 Platonis
509 875 758 962 reprehensione
776 877 896 950 notari.
969 932 971 941 ,

225 989 381 1069 Reliquus
397 991 665 1054 estruuurrcus
680 988 1001 1068 nosere,rllrrrrte‚
1022 1000 1129 1070 utpu-

183 1110 242 1175 to,
257 1100 431 1178 πρόσωπον,
453 1087 598 1172 partibus
614 1087 653 1184 acl
668 1085 829 1152 Socratem
845 1093 983 1158 mandari
1001 1093 1130 1176 solitis,

181 1201 216 1267 in
235 1200 387 1283 Sophiste
407 1215 439 1264 et
458 1194 597 1265 Politico
614 1191 761 1258 functus.
805 1192 903 1277 Quod
921 1217 978 1263 cur
999 1199 1075 1280 fiat,
1099 1200 1134 1267 in

182 1319 339 1390 promptu
356 1323 423 1374 non
441 1317 501 1370 est.
533 1296 724 1384 Argumenti
738 1300 881 1379 quamvis
898 1304 1037 1371 abstrusi
1054 1307 1133 1374 sub·

181 1411 284 1484 tilitas
305 1412 339 1477 in
365 1428 456 1476 causa
482 1427 548 1476 non
576 1405 634 1471 sit:
670 1405 787 1474 etenim
817 1425 943 1475 constat
970 1411 1133 1478 Socratem

186 1521 225 1588 de
251 1519 344 1586 rebus
370 1537 469 1600 aeque
501 1510 664 1598 impeditis
692 1525 725 1575 et
752 1511 792 1574 de
821 1513 908 1580 omni
938 1516 1131 1600 reipublicae

180 1626 420 1693 constituendae
446 1619 623 1690 rationein
645 1617 789 1686 Platonis
804 1621 933 1704 scriptis
954 1623 1129 1707 disputare.

175 1732 262 1804 Fieri
280 1746 412 1815 potest,
436 1744 473 1794 ut
486 1727 625 1808 Astius,
639 1727 664 1794 1.
681 1727 704 1792 l.
722 1745 757 1808 p.
772 1744 856 1814 214,
878 1747 954 1794 vere
972 1728 1131 1798 existimet

180 1837 361 1908 reverentia
381 1832 577 1904 Parmenidis
601 1849 725 1897 amore
747 1851 810 1898 suo
836 1834 1006 1902 recessisse
1023 1838 1133 1904 Plato·

178 1963 277 2023 nem,
303 1957 339 2007 ut
367 1939 497 2011 nonnisi
521 1939 560 2005 ab
582 1937 726 2006 Eleatico
746 1940 961 2008 Eleaticorum
982 1940 1131 2025 princeps

178 2046 396 2129 refelleretu13
418 2044 606 2130 praesertim
623 2062 695 2110 cum
716 2060 801 2110 tanta
817 2043 993 2110 subtilitate
1011 2047 1133 2114 dicatur

182 2154 288 2220 inisse
319 2154 495 2236 (Sophist.
525 2155 572 2219 in.
587 2157 629 2237 )‚
658 2167 763 2220 utne
791 2148 970 2220 Parmenidi
1004 2150 1132 2232 quidem

188 2274 285 2339 turpe
302 2273 388 2326 esset
407 2259 496 2324 atali
512 2259 584 2326 uiro
605 2253 738 2325 refutari
762 2276 872 2340 posse.
916 2257 1036 2326 Verum
1060 2260 1136 2326 Par·

190 2365 331 2432 menides
359 2384 418 2432 nec
455 2385 549 2447 saepe
578 2365 610 2432 in
644 2363 825 2446 Sophiste,
857 2379 889 2432 et
927 2365 961 2433 in
994 2366 1152 2434 Politico'

186 2470 321 2538 omniuo
357 2490 424 2540 non
459 2472 647 2556 refutatur3
690 2484 727 2536 ut
758 2469 814 2538 vix
849 2490 963 2555 operae
996 2477 1135 2559 pretinm

186 2577 284 2645 fuerit
322 2579 365 2656 ob
400 2584 504 2650 lenem
540 2584 660 2650 erroris
700 2579 897 2648 notationem
936 2598 1135 2650 constantem

184 2684 362 2768 neglexisse
377 2689 657 2756 consuetudinem.
697 2689 812 2756 Fateor
831 2687 990 2770 magisne
1006 2685 1139 2750 inclina·

188 2809 224 2856 re
250 2807 311 2873 eo,
332 2805 392 2872 ut,
427 2794 515 2872 quod
541 2793 575 2862 in
600 2797 787 2864 Parmenide
816 2794 932 2861 Astins
965 2788 1136 2870 observat,

190 2895 243 2964 ltic
271 2897 366 2965 etiem
402 2896 579 2966 observem.
629 2902 759 2991 Nempe
790 2921 862 2967 cunt
894 2895 1070 2984 litigiosum
1105 2911 1137 2966 et

187 3005 285 3072 fallax
311 3008 487 3072 multorum
512 3009 580 3093 ejus
604 3022 706 3076 aetate
734 3027 868 3076 acumen
898 3007 937 3074 ad
963 3006 1139 3075 Eleaticam

190 3131 314 3194 semper
330 3111 479 3180 familiam
498 3132 712 3198 provocaret,
733 3116 910 3200 multique,
935 3113 1079 3198 quamvis
1100 3112 1141 3178 il·

194 3219 229 3284 lo
249 3218 382 3287 honoris
403 3222 499 3290 titulo
524 3223 673 3309 indigni,
696 3223 832 3290 Eleatici
856 3221 966 3290 haberi
991 3224 1136 3300 vellent3

192 3325 346 3394 credibile·
380 3345 430 3397 est
464 3329 630 3396 Platonem
669 3331 816 3411 exemplo
859 3331 976 3396 docere
1014 3323 1141 3391 voluis·

189 3453 251 3514 se,
292 3452 442 3518 quantum
478 3436 562 3503 inter
592 3438 739 3518 ipsorum
769 3434 923 3502 rationem
955 3445 987 3494 et
1018 3443 1140 3508 genna·

189 3560 266 3609 nam
305 3542 523 3612 Eleaticorum
566 3541 774 3607 Dialecticam
810 3540 1007 3612 interesset3
1050 3534 1138 3615 quod

185 3647 276 3732 forte
307 3647 422 3720 indicat
445 3649 516 3736 ipse
548 3647 742 3728 consilium,
765 3663 837 3711 curn
858 3645 936 3722 Elem
957 3635 1047 3706 illum
1075 3655 1142 3728 sta·

681 3753 753 3820 Ka
1081 3746 1140 3818 tim
