2824 4688
492 383 651 458 ‚22
816 356 820 371 ‘
1022 390 1076 482 45

114 572 195 644 lucri
212 561 354 642 amorem
373 568 481 654 pulcri
506 583 538 636 et
555 568 625 638 veri
640 569 834 655 retinerent,
856 569 1012 656 probabat
1034 591 1067 644 et

113 679 303 748 mirabatur.
347 675 432 744 Non
450 696 523 746 sane
553 679 758 746 conveniebat
785 677 849 762 ipsi
876 697 948 770 cum
973 681 1065 766 vulgi

115 784 273 872 opinione
294 781 501 850 exIstimantis
517 783 627 865 paucis
651 802 720 850 csse
749 782 1067 866 philosophandum,

112 889 215 984 vitam
235 887 284 954 sic
303 888 421 956 traduci
437 907 503 954 non
520 903 683 973 oportere.
714 887 760 954 Et
779 907 852 954 cum
868 888 1065 976 objiceretur

112 997 148 1065 in
168 999 310 1080 vulgus,
331 998 503 1078 plerosque
518 1014 559 1062 cx
577 995 637 1077 iis,
662 993 718 1078 qui
738 1012 842 1078 usque
862 995 901 1061 ad
919 1010 1069 1062 senectu-

112 1121 184 1172 tem
203 1103 236 1171 in
253 1102 366 1170 studiis
386 1099 628 1182 detinerentur,
650 1100 902 1183 vituperandos,
925 1091 1067 1183 optimos

13 1214 23 1284 “,
114 1228 200 1276 vero
214 1207 343 1282 inutiles
357 1227 449 1276 esser
473 1212 599 1292 culpam
615 1207 709 1274 istam
726 1203 854 1272 minime
868 1203 903 1272 in
922 1205 1068 1288 philoso·
1155 1215 1158 1222 ’

116 1315 195 1399 phia
210 1315 349 1396 positam
362 1314 534 1399 iudicabat.
567 1310 783 1382 Existimabat
807 1310 890 1378 enim
916 1313 979 1379 hoc
993 1311 1069 1380 mali

10 1459 11 1482 r
118 1419 320 1504 principium
337 1440 423 1506 esse3
440 1415 743 1506 quodphilosophia
757 1417 895 1502 primum
906 1417 1067 1501 relinque·

118 1541 212 1592 retur
228 1527 267 1593 ab
280 1527 335 1608 iis,
358 1546 529 1610 quoscum
546 1541 683 1604 natura,
704 1542 774 1590 raro
788 1525 924 1608 quodam
945 1525 1068 1592 benefi-

8 1707 9 1712 1
118 1633 194 1714 cio,
216 1648 310 1717 aptos
327 1637 366 1702 ad
384 1634 484 1718 ipsam
502 1633 715 1711 reddidisset,
738 1634 932 1718 multiplices
958 1632 1066 1703 illece·
1158 1663 1161 1668 ·

114 1739 190 1807 brae
205 1754 392 1824 avocarent,
415 1739 553 1819 deinde,
575 1755 733 1824 tamquam
754 1759 852 1808 vacua
870 1741 1063 1825 possessio,

8 1827 10 1870 ⁵
116 1848 494 1936 occupareturamultis‚
507 1853 644 1930 quorum
657 1846 857 1916 veltenuitas
871 1865 981 1929 parurn
1000 1841 1065 1931 ipsi

7 1975 8 1980 ¹
118 1951 275 2032 honoris,
297 1955 350 2017 vel
368 1951 511 2034 nequitia
531 1954 667 2021 dedecus
687 1955 777 2021 etiam
795 1950 933 2021 afferret.
965 1954 1065 2040 Quod

116 2058 146 2124 si
176 2057 250 2140 quis
272 2058 431 2143 praeditus
462 2059 572 2127 indole
595 2058 706 2125 eximia
732 2073 764 2126 et
793 2076 897 2142 prope
924 2056 1064 2137 Divina,

113 2165 275 2230 nullarum
297 2183 367 2232 sese
389 2166 557 2233 dulcedine
578 2184 684 2232 rerum
705 2162 921 2232 deliniendum
946 2174 978 2226 et
994 2179 1069 2226 cor·

114 2271 332 2349 rumpendum
353 2273 572 2354 praebuisset,
591 2273 687 2358 hujus
700 2273 792 2338 dotes
808 2269 1001 2355 reipublicae
1017 2269 1069 2336 id·

112 2373 208 2442 circo
236 2393 302 2442 non
327 2377 504 2459 prodesse,
529 2377 678 2458 quoniam
697 2376 820 2443 sincera
842 2393 873 2443 et
899 2375 1066 2461 magnifica

115 2479 341 2564 philosophiae
357 2499 423 2548 vox
438 2501 543 2564 neque
558 2483 726 2566 placebat,
747 2503 850 2570 neque
865 2485 1067 2573 intelligeba-

117 2602 187 2654 tur:
213 2587 311 2672 igitur
331 2600 385 2665 τῆς
402 2595 570 2674 ἀχρηστίας
584 2593 653 2664 robe
671 2593 714 2670 ui
730 2596 895 2674 zosabaae
912 2610 1065 2659 accusata·

117 2695 199 2773 dos»,
219 2699 303 2762 ἀλλὰ
320 2701 362 2773 μὴ
379 2700 445 2764 robe
462 2700 613 2769 ἐπιεικεῖς.
638 2695 725 2780 Rep·
738 2696 794 2762 VI.
820 2719 854 2780 p.
868 2701 949 2779 489.
967 2697 1007 2761 B.
1032 2710 1066 2760 et
1125 2740 1134 2752 .‚

117 2796 557 2866 cf.omninototushicliber
575 2801 689 2868 ethuis
708 2802 812 2884 quinti
822 2800 910 2865 libri.
935 2795 1067 2862 At'vere

118 2903 381 2988 philosophantis
400 2905 629 2984 conditionem,
641 2906 902 2990 quae'plerisque
915 2904 1064 2988 humilia,
1167 2949 1172 2958 ·

117 3023 171 3088 et,
195 3011 284 3090 quod
301 3029 319 3075 a
337 3009 460 3093 vulgari
479 3007 641 3077 felicitatis
657 3011 811 3096 opinione
826 3013 997 3096 plurimum
1015 3013 1065 3082 di·

114 3115 242 3196 stabat,
265 3118 379 3184 misera
401 3115 592 3194 ridebatur,
627 3115 775 3204 Theaet..
799 3114 834 3203 p'.
851 3103 1063 3210 rja-176,

112 3220 266 3303 Gorgias.
292 3243 314 3305 p
339 3227 541 3307 484-437,
558 3228 639 3306 banc
660 3228 810 3308 censebat
833 3247 902 3294 esse
923 3231 1065 3297 omnium

113 3323 400 3407 maximefelicem,
413 3331 535 3415 quippe
545 3352 626 3413 quae
636 3337 704 3400 sola
715 3349 747 3399 et
762 3335 795 3400 in
810 3333 860 3401 his
871 3335 964 3401 terris
975 3353 1066 3416 prae·

110 3431 209 3495 beret
229 3433 400 3514 sinceram,
425 3444 585 3514 ravennii
615 3458 647 3506 et
668 3446 821 3523 nabaath,
842 3445 1060 3522 voluptatem:

111 3534 200 3620 Rep·
220 3536 278 3604 IX.
302 3559 335 3620 p.
354 3545 530 3626 583.1sqq.
556 3560 587 3610 et
615 3565 692 3628 post
720 3563 853 3616 mortem
881 3549 997 3614 aditum
1023 3545 1064 3610 ad

111 3663 268 3710 summam
304 3645 482 3715 beatitatem
519 3650 667 3732 aperiret.
722 3654 805 3718 Nam
831 3647 1062 3734 philosophum
1157 3659 1167 3684 ‘

111 3766 302 3842 praecepto,
321 3771 387 3838 quo
404 3753 611 3843 finemlibris
628 3757 668 3822 de
684 3756 865 3842 Republica
882 3753 1061 3842 imposuit,

647 3861 680 3929 F,
696 3879 713 3944 3
987 3875 991 3896 ‘
1007 3865 1067 3927 ob·
