<?xml version="1.0" encoding="UTF-8"?>
<!DOCTYPE html PUBLIC "-//W3C//DTD XHTML 1.0 Transitional//EN"
    "http://www.w3.org/TR/xhtml1/DTD/xhtml1-transitional.dtd">
<html xmlns="http://www.w3.org/1999/xhtml" xml:lang="en" lang="en">
 <head>
  <title>
</title>
<meta http-equiv="Content-Type" content="text/html;charset=utf-8" />
  <meta name='ocr-system' content='tesseract 3.04.00' />
  <meta name='ocr-capabilities' content='ocr_page ocr_carea ocr_par ocr_line ocrx_word'/>
</head>
<body>
  <div class='ocr_page' id='page_1' title='image "./platonicaprosop00pringoog_0111.png"; bbox 0 0 2874 4684; ppageno 0'>
   <div class='ocr_carea' id='block_1_1' title="bbox 167 393 1270 3858">
    <p class='ocr_par' dir='ltr' id='par_1_1' title="bbox 167 393 1179 784">
     <span class='ocr_line' id='line_1_1' title="bbox 635 393 1179 501; baseline 0.006 -3"><span class='ocrx_word' id='word_1_1' title='bbox 635 393 761 472; x_wconf 70' lang='grc' dir='ltr'><strong>ΕΞ</strong></span> <span class='ocrx_word' id='word_1_2' title='bbox 989 457 992 466; x_wconf 90' lang='lat'><em>·</em></span> <span class='ocrx_word' id='word_1_3' title='bbox 1129 411 1179 501; x_wconf 69' lang='lat'><strong>9³.</strong></span> 
     </span>
     <span class='ocr_line' id='line_1_2' title="bbox 167 581 1177 692; baseline -0.017 -21"><span class='ocrx_word' id='word_1_4' title='bbox 167 671 170 680; x_wconf 73' lang='grc'>,</span> <span class='ocrx_word' id='word_1_5' title='bbox 219 611 289 692; x_wconf 84' lang='lat' dir='ltr'><strong>ejus</strong></span> <span class='ocrx_word' id='word_1_6' title='bbox 313 597 424 668; x_wconf 87' lang='lat' dir='ltr'><strong>studio</strong></span> <span class='ocrx_word' id='word_1_7' title='bbox 461 583 633 676; x_wconf 72' lang='lat' dir='ltr'>opiniones</span> <span class='ocrx_word' id='word_1_8' title='bbox 652 581 834 666; x_wconf 81' lang='lat' dir='ltr'><strong>retulisse,</strong></span> <span class='ocrx_word' id='word_1_9' title='bbox 866 582 968 650; x_wconf 85' lang='lat' dir='ltr'><strong>veluti</strong></span> <span class='ocrx_word' id='word_1_10' title='bbox 999 583 1056 662; x_wconf 66' lang='lat' dir='ltr'><strong>riv</strong></span> <span class='ocrx_word' id='word_1_11' title='bbox 1078 584 1177 672; x_wconf 69' lang='grc' dir='ltr'><strong><em>φύσιν</em></strong></span> 
     </span>
     <span class='ocr_line' id='line_1_3' title="bbox 219 692 1174 784; baseline -0.018 -7"><span class='ocrx_word' id='word_1_12' title='bbox 219 705 329 778; x_wconf 81' lang='lat' dir='ltr'><strong>omnia</strong></span> <span class='ocrx_word' id='word_1_13' title='bbox 358 703 470 784; x_wconf 71' lang='grc' dir='ltr'><strong><em>γεννᾷν</em></strong></span> <span class='ocrx_word' id='word_1_14' title='bbox 494 692 558 761; x_wconf 69' lang='lat' dir='ltr'><strong>aad</strong></span> <span class='ocrx_word' id='word_1_15' title='bbox 582 715 657 765; x_wconf 79' lang='lat' dir='ltr'><strong>runc</strong></span> <span class='ocrx_word' id='word_1_16' title='bbox 677 692 992 774; x_wconf 70' lang='lat' dir='ltr'><strong>utirlac&#39;udcouoitne</strong></span> <span class='ocrx_word' id='word_1_17' title='bbox 1018 693 1072 768; x_wconf 72' lang='lat' dir='ltr'><strong>nal</strong></span> <span class='ocrx_word' id='word_1_18' title='bbox 1099 695 1174 772; x_wconf 66' lang='lat' dir='ltr'><strong>daec</strong></span> 
     </span>
    </p>

    <p class='ocr_par' dir='ltr' id='par_1_2' title="bbox 220 794 1173 888">
     <span class='ocr_line' id='line_1_4' title="bbox 220 794 1173 888; baseline -0.001 -18"><span class='ocrx_word' id='word_1_19' title='bbox 220 811 352 884; x_wconf 60' lang='lat' dir='ltr'><strong>nauata,</strong></span> <span class='ocrx_word' id='word_1_20' title='bbox 377 803 507 888; x_wconf 72' lang='grc' dir='ltr'><strong>φυούσης</strong></span> <span class='ocrx_word' id='word_1_21' title='bbox 520 816 536 861; x_wconf 88' lang='grc'><strong>·.</strong></span> <span class='ocrx_word' id='word_1_22' title='bbox 560 794 708 876; x_wconf 78' lang='lat' dir='ltr'><strong>Sophiae.</strong></span> <span class='ocrx_word' id='word_1_23' title='bbox 741 819 777 880; x_wconf 91' lang='lat' dir='ltr'><strong>p.</strong></span> <span class='ocrx_word' id='word_1_24' title='bbox 801 801 876 880; x_wconf 75' lang='lat'><strong>265.</strong></span> <span class='ocrx_word' id='word_1_25' title='bbox 901 799 953 864; x_wconf 79' lang='lat' dir='ltr'><strong>Ca</strong></span> <span class='ocrx_word' id='word_1_26' title='bbox 993 800 1083 880; x_wconf 87' lang='lat' dir='ltr'><strong>Deos</strong></span> <span class='ocrx_word' id='word_1_27' title='bbox 1104 815 1173 876; x_wconf 81' lang='lat' dir='ltr'><strong>esse</strong></span> 
     </span>
    </p>

    <p class='ocr_par' dir='ltr' id='par_1_3' title="bbox 223 903 1171 1002">
     <span class='ocr_line' id='line_1_5' title="bbox 223 903 1171 1002; baseline -0.001 -25"><span class='ocrx_word' id='word_1_28' title='bbox 223 920 339 1002; x_wconf 61' lang='lat' dir='ltr'><strong>qim,</strong></span> <span class='ocrx_word' id='word_1_29' title='bbox 359 915 400 980; x_wconf 76' lang='lat' dir='ltr'><strong>ori</strong></span> <span class='ocrx_word' id='word_1_30' title='bbox 433 911 556 996; x_wconf 68' lang='grc' dir='ltr'><strong>Φύσει,</strong></span> <span class='ocrx_word' id='word_1_31' title='bbox 579 903 665 970; x_wconf 69' lang='lat' dir='ltr'><strong>eard</strong></span> <span class='ocrx_word' id='word_1_32' title='bbox 686 927 759 976; x_wconf 76' lang='lat' dir='ltr'><strong>,ctat</strong></span> <span class='ocrx_word' id='word_1_33' title='bbox 799 905 918 989; x_wconf 73' lang='grc' dir='ltr'><strong>νόμοις,</strong></span> <span class='ocrx_word' id='word_1_34' title='bbox 954 903 1037 1000; x_wconf 82' lang='lat' dir='ltr'><strong>Leg.</strong></span> <span class='ocrx_word' id='word_1_35' title='bbox 1057 908 1100 974; x_wconf 83' lang='lat' dir='ltr'><strong>X.</strong></span> <span class='ocrx_word' id='word_1_36' title='bbox 1134 927 1171 990; x_wconf 71' lang='lat' dir='ltr'><strong>p·</strong></span> 
     </span>
    </p>

    <p class='ocr_par' dir='ltr' id='par_1_4' title="bbox 223 1005 1174 1109">
     <span class='ocr_line' id='line_1_6' title="bbox 223 1005 1174 1109; baseline -0.014 -18"><span class='ocrx_word' id='word_1_37' title='bbox 223 1029 297 1109; x_wconf 83' lang='lat'><strong>889.</strong></span> <span class='ocrx_word' id='word_1_38' title='bbox 322 1021 372 1088; x_wconf 82' lang='lat' dir='ltr'><strong>Cr</strong></span> <span class='ocrx_word' id='word_1_39' title='bbox 404 1010 562 1102; x_wconf 90' lang='lat' dir='ltr'><strong>justitiam</strong></span> <span class='ocrx_word' id='word_1_40' title='bbox 595 1005 728 1081; x_wconf 78' lang='lat' dir='ltr'><strong>nonnisi</strong></span> <span class='ocrx_word' id='word_1_41' title='bbox 760 1009 794 1076; x_wconf 91' lang='lat' dir='ltr'><strong>in</strong></span> <span class='ocrx_word' id='word_1_42' title='bbox 827 1010 1054 1088; x_wconf 81' lang='lat' dir='ltr'><strong>imbecillitatis</strong></span> <span class='ocrx_word' id='word_1_43' title='bbox 1083 1029 1174 1096; x_wconf 52' lang='lat' dir='ltr'><strong>praef</strong></span> 
     </span>
    </p>

    <p class='ocr_par' dir='ltr' id='par_1_5' title="bbox 219 1113 1173 1206">
     <span class='ocr_line' id='line_1_7' title="bbox 219 1113 1173 1206; baseline -0.009 -12"><span class='ocrx_word' id='word_1_44' title='bbox 219 1130 334 1202; x_wconf 75' lang='lat' dir='ltr'><strong>sidium</strong></span> <span class='ocrx_word' id='word_1_45' title='bbox 357 1141 428 1191; x_wconf 88' lang='lat' dir='ltr'><strong>esse</strong></span> <span class='ocrx_word' id='word_1_46' title='bbox 444 1113 805 1200; x_wconf 47' lang='lat' dir='ltr'><strong>excogitatamncorg.</strong></span> <span class='ocrx_word' id='word_1_47' title='bbox 830 1139 866 1202; x_wconf 91' lang='lat' dir='ltr'><strong>p.</strong></span> <span class='ocrx_word' id='word_1_48' title='bbox 882 1123 946 1206; x_wconf 65' lang='lat'><strong>483</strong></span> <span class='ocrx_word' id='word_1_49' title='bbox 967 1138 1042 1200; x_wconf 87' lang='lat' dir='ltr'><strong>sqq.</strong></span> <span class='ocrx_word' id='word_1_50' title='bbox 1085 1119 1173 1194; x_wconf 69' lang='lat' dir='ltr'><strong>Naue</strong></span> 
     </span>
    </p>

    <p class='ocr_par' dir='ltr' id='par_1_6' title="bbox 220 1219 1172 1316">
     <span class='ocr_line' id='line_1_8' title="bbox 220 1219 1172 1316; baseline -0.017 -8"><span class='ocrx_word' id='word_1_51' title='bbox 220 1243 321 1316; x_wconf 87' lang='lat' dir='ltr'><strong>haec,</strong></span> <span class='ocrx_word' id='word_1_52' title='bbox 344 1231 422 1301; x_wconf 89' lang='lat' dir='ltr'><strong>licet</strong></span> <span class='ocrx_word' id='word_1_53' title='bbox 449 1222 589 1306; x_wconf 82' lang='lat' dir='ltr'><strong>Hippiae</strong></span> <span class='ocrx_word' id='word_1_54' title='bbox 614 1241 683 1290; x_wconf 92' lang='lat' dir='ltr'><strong>non</strong></span> <span class='ocrx_word' id='word_1_55' title='bbox 709 1219 898 1288; x_wconf 89' lang='lat' dir='ltr'><strong>nominatim</strong></span> <span class='ocrx_word' id='word_1_56' title='bbox 915 1224 1086 1307; x_wconf 70' lang='lat' dir='ltr'><strong>&#39;adscripta</strong></span> <span class='ocrx_word' id='word_1_57' title='bbox 1105 1224 1172 1300; x_wconf 78' lang='lat' dir='ltr'><strong>sint</strong></span> 
     </span>
    </p>

    <p class='ocr_par' dir='ltr' id='par_1_7' title="bbox 221 1319 1270 1412">
     <span class='ocr_line' id='line_1_9' title="bbox 221 1319 1270 1412; baseline -0.012 -5"><span class='ocrx_word' id='word_1_58' title='bbox 221 1349 253 1412; x_wconf 86' lang='lat' dir='ltr'><strong>et</strong></span> <span class='ocrx_word' id='word_1_59' title='bbox 286 1337 396 1407; x_wconf 90' lang='lat' dir='ltr'><strong>multis</strong></span> <span class='ocrx_word' id='word_1_60' title='bbox 433 1351 468 1398; x_wconf 90' lang='lat' dir='ltr'><strong>ea</strong></span> <span class='ocrx_word' id='word_1_61' title='bbox 504 1319 605 1396; x_wconf 77' lang='lat' dir='ltr'><strong>aetaie</strong></span> <span class='ocrx_word' id='word_1_62' title='bbox 640 1327 802 1408; x_wconf 80' lang='lat' dir='ltr'><strong>placuisse</strong></span> <span class='ocrx_word' id='word_1_63' title='bbox 837 1327 1031 1412; x_wconf 63' lang='lat' dir='ltr'><strong>videantur,</strong></span> <span class='ocrx_word' id='word_1_64' title='bbox 1063 1344 1170 1406; x_wconf 84' lang='lat' dir='ltr'><strong>tamen</strong></span> <span class='ocrx_word' id='word_1_65' title='bbox 1267 1363 1270 1372; x_wconf 70' lang='lat'><strong>,</strong></span> 
     </span>
    </p>

    <p class='ocr_par' dir='ltr' id='par_1_8' title="bbox 220 1421 1170 1518">
     <span class='ocr_line' id='line_1_10' title="bbox 220 1421 1170 1518; baseline -0.013 -6"><span class='ocrx_word' id='word_1_66' title='bbox 220 1421 353 1518; x_wconf 84' lang='lat' dir='ltr'><strong>maxime</strong></span> <span class='ocrx_word' id='word_1_67' title='bbox 372 1451 585 1508; x_wconf 90' lang='lat' dir='ltr'><strong>consentanea</strong></span> <span class='ocrx_word' id='word_1_68' title='bbox 609 1446 641 1500; x_wconf 89' lang='lat' dir='ltr'><strong>et</strong></span> <span class='ocrx_word' id='word_1_69' title='bbox 659 1452 759 1516; x_wconf 86' lang='lat' dir='ltr'><strong>paene</strong></span> <span class='ocrx_word' id='word_1_70' title='bbox 776 1432 1006 1513; x_wconf 77' lang='lat' dir='ltr'><strong>consequentia</strong></span> <span class='ocrx_word' id='word_1_71' title='bbox 1018 1433 1170 1516; x_wconf 73' lang='lat' dir='ltr'><strong>opinioni</strong></span> 
     </span>
    </p>

    <p class='ocr_par' dir='ltr' id='par_1_9' title="bbox 216 1537 1169 1643">
     <span class='ocr_line' id='line_1_11' title="bbox 216 1537 1169 1643; baseline -0.008 -25"><span class='ocrx_word' id='word_1_72' title='bbox 216 1559 285 1643; x_wconf 79' lang='lat' dir='ltr'><strong>eJ&#39;us</strong></span> <span class='ocrx_word' id='word_1_73' title='bbox 308 1551 460 1626; x_wconf 88' lang='lat' dir='ltr'><strong>fuerunt,</strong></span> <span class='ocrx_word' id='word_1_74' title='bbox 487 1541 544 1624; x_wconf 90' lang='lat' dir='ltr'><strong>qui</strong></span> <span class='ocrx_word' id='word_1_75' title='bbox 576 1539 690 1622; x_wconf 78' lang='lat' dir='ltr'><strong>quavis</strong></span> <span class='ocrx_word' id='word_1_76' title='bbox 716 1537 885 1604; x_wconf 79' lang='lat' dir='ltr'><strong>occasione</strong></span> <span class='ocrx_word' id='word_1_77' title='bbox 916 1539 955 1604; x_wconf 92' lang='lat' dir='ltr'><strong>de</strong></span> <span class='ocrx_word' id='word_1_78' title='bbox 983 1542 1063 1608; x_wconf 91' lang='lat' dir='ltr'><strong>duro</strong></span> <span class='ocrx_word' id='word_1_79' title='bbox 1089 1541 1169 1626; x_wconf 86' lang='lat' dir='ltr'><strong>legis</strong></span> 
     </span>
    </p>

    <p class='ocr_par' dir='ltr' id='par_1_10' title="bbox 209 1637 1169 1745">
     <span class='ocr_line' id='line_1_12' title="bbox 209 1637 1169 1745; baseline -0.01 -23"><span class='ocrx_word' id='word_1_80' title='bbox 209 1657 346 1745; x_wconf 83' lang='lat' dir='ltr'><strong>imperio</strong></span> <span class='ocrx_word' id='word_1_81' title='bbox 385 1649 602 1736; x_wconf 82' lang='lat' dir='ltr'><strong>querebatur,</strong></span> <span class='ocrx_word' id='word_1_82' title='bbox 633 1637 693 1712; x_wconf 81' lang='lat' dir='ltr'><strong>ue¹c</strong></span> <span class='ocrx_word' id='word_1_83' title='bbox 720 1645 807 1724; x_wconf 75' lang='grc' dir='ltr'><strong><em>νόμον</em></strong></span> <span class='ocrx_word' id='word_1_84' title='bbox 840 1663 913 1710; x_wconf 90' lang='lat' dir='ltr'><strong>cum</strong></span> <span class='ocrx_word' id='word_1_85' title='bbox 944 1645 1081 1714; x_wconf 82' lang='lat' dir='ltr'><strong>Pindaro</strong></span> <span class='ocrx_word' id='word_1_86' title='bbox 1117 1665 1169 1712; x_wconf 85' lang='lat' dir='ltr'><strong>re·</strong></span> 
     </span>
    </p>

    <p class='ocr_par' dir='ltr' id='par_1_11' title="bbox 209 1750 1169 1856">
     <span class='ocr_line' id='line_1_13' title="bbox 209 1750 1169 1856; baseline -0.011 -27"><span class='ocrx_word' id='word_1_87' title='bbox 209 1789 305 1856; x_wconf 82' lang='lat' dir='ltr'><strong>gem,</strong></span> <span class='ocrx_word' id='word_1_88' title='bbox 327 1763 384 1832; x_wconf 89' lang='lat' dir='ltr'><strong>sed</strong></span> <span class='ocrx_word' id='word_1_89' title='bbox 400 1755 532 1826; x_wconf 85' lang='lat' dir='ltr'><strong>humani</strong></span> <span class='ocrx_word' id='word_1_90' title='bbox 553 1750 678 1838; x_wconf 86' lang='lat' dir='ltr'><strong>generis</strong></span> <span class='ocrx_word' id='word_1_91' title='bbox 694 1751 829 1820; x_wconf 87' lang='lat' dir='ltr'><strong>vocabat</strong></span> <span class='ocrx_word' id='word_1_92' title='bbox 847 1769 1030 1835; x_wconf 85' lang='lat' dir='ltr'><strong>tyrannum.</strong></span> <span class='ocrx_word' id='word_1_93' title='bbox 1080 1752 1169 1838; x_wconf 50' lang='lat' dir='ltr'><strong>Ques</strong></span> 
     </span>
    </p>

    <p class='ocr_par' dir='ltr' id='par_1_12' title="bbox 209 1859 1167 1946">
     <span class='ocr_line' id='line_1_14' title="bbox 209 1859 1167 1946; baseline -0.02 -3"><span class='ocrx_word' id='word_1_94' title='bbox 209 1878 294 1944; x_wconf 80' lang='lat' dir='ltr'><strong>telas</strong></span> <span class='ocrx_word' id='word_1_95' title='bbox 326 1868 404 1936; x_wconf 84' lang='lat' dir='ltr'><strong>istas</strong></span> <span class='ocrx_word' id='word_1_96' title='bbox 436 1863 469 1930; x_wconf 94' lang='lat' dir='ltr'><strong>in</strong></span> <span class='ocrx_word' id='word_1_97' title='bbox 493 1862 669 1944; x_wconf 83' lang='lat' dir='ltr'><strong>Protagora</strong></span> <span class='ocrx_word' id='word_1_98' title='bbox 697 1877 764 1926; x_wconf 91' lang='lat' dir='ltr'><strong>non</strong></span> <span class='ocrx_word' id='word_1_99' title='bbox 783 1859 916 1942; x_wconf 86' lang='lat' dir='ltr'><strong>omisit,</strong></span> <span class='ocrx_word' id='word_1_100' title='bbox 940 1861 997 1928; x_wconf 93' lang='lat' dir='ltr'><strong>uhi</strong></span> <span class='ocrx_word' id='word_1_101' title='bbox 1018 1881 1099 1946; x_wconf 86' lang='lat' dir='ltr'><strong>quae</strong></span> <span class='ocrx_word' id='word_1_102' title='bbox 1118 1859 1167 1926; x_wconf 86' lang='lat' dir='ltr'><strong>di·</strong></span> 
     </span>
    </p>

    <p class='ocr_par' dir='ltr' id='par_1_13' title="bbox 210 1966 1165 2056">
     <span class='ocr_line' id='line_1_15' title="bbox 210 1966 1165 2056; baseline -0.014 -9"><span class='ocrx_word' id='word_1_103' title='bbox 210 1995 331 2047; x_wconf 91' lang='lat' dir='ltr'><strong>cuntur</strong></span> <span class='ocrx_word' id='word_1_104' title='bbox 367 1977 407 2041; x_wconf 86' lang='lat' dir='ltr'><strong>ab</strong></span> <span class='ocrx_word' id='word_1_105' title='bbox 435 1973 509 2056; x_wconf 89' lang='lat' dir='ltr'><strong>ipso</strong></span> <span class='ocrx_word' id='word_1_106' title='bbox 545 1990 582 2052; x_wconf 81' lang='lat' dir='ltr'><strong>p.</strong></span> <span class='ocrx_word' id='word_1_107' title='bbox 605 1966 894 2050; x_wconf 57' lang='lat' dir='ltr'><strong>337,-338.‘2B,</strong></span> <span class='ocrx_word' id='word_1_108' title='bbox 927 1980 959 2032; x_wconf 94' lang='lat' dir='ltr'><strong>et</strong></span> <span class='ocrx_word' id='word_1_109' title='bbox 994 1967 1165 2037; x_wconf 85' lang='lat' dir='ltr'><strong>vanitatem</strong></span> 
     </span>
    </p>

    <p class='ocr_par' dir='ltr' id='par_1_14' title="bbox 209 2071 1164 2156">
     <span class='ocr_line' id='line_1_16' title="bbox 209 2071 1164 2156; baseline -0.017 -3"><span class='ocrx_word' id='word_1_110' title='bbox 209 2085 305 2153; x_wconf 84' lang='lat' dir='ltr'><strong>animi</strong></span> <span class='ocrx_word' id='word_1_111' title='bbox 323 2085 482 2150; x_wconf 89' lang='lat' dir='ltr'><strong>declarant</strong></span> <span class='ocrx_word' id='word_1_112' title='bbox 503 2091 537 2144; x_wconf 90' lang='lat' dir='ltr'><strong>et</strong></span> <span class='ocrx_word' id='word_1_113' title='bbox 552 2071 799 2143; x_wconf 83' lang='lat' dir='ltr'><strong>ostentationem</strong></span> <span class='ocrx_word' id='word_1_114' title='bbox 818 2073 1032 2156; x_wconf 71' lang='lat' dir='ltr'><strong>eloquentiae·</strong></span> <span class='ocrx_word' id='word_1_115' title='bbox 1056 2075 1164 2150; x_wconf 83' lang='lat' dir='ltr'><strong>Etiam</strong></span> 
     </span>
    </p>

    <p class='ocr_par' dir='ltr' id='par_1_15' title="bbox 212 2178 1165 2268">
     <span class='ocr_line' id='line_1_17' title="bbox 212 2178 1165 2268; baseline -0.003 -17"><span class='ocrx_word' id='word_1_116' title='bbox 212 2189 298 2268; x_wconf 88' lang='lat' dir='ltr'><strong>apud</strong></span> <span class='ocrx_word' id='word_1_117' title='bbox 323 2185 474 2264; x_wconf 75' lang='lat' dir='ltr'><strong>Xenoph.</strong></span> <span class='ocrx_word' id='word_1_118' title='bbox 506 2182 647 2248; x_wconf 89' lang='lat' dir='ltr'><strong>Memor.</strong></span> <span class='ocrx_word' id='word_1_119' title='bbox 668 2178 730 2248; x_wconf 89' lang='lat' dir='ltr'><strong>lV.</strong></span> <span class='ocrx_word' id='word_1_120' title='bbox 753 2201 787 2262; x_wconf 85' lang='lat'><strong>4.</strong></span> <span class='ocrx_word' id='word_1_121' title='bbox 816 2182 930 2268; x_wconf 60' lang='lat'><strong>§.145</strong></span> <span class='ocrx_word' id='word_1_122' title='bbox 955 2185 1061 2268; x_wconf 86' lang='lat' dir='ltr'><strong>legum</strong></span> <span class='ocrx_word' id='word_1_123' title='bbox 1087 2203 1165 2266; x_wconf 80' lang='lat' dir='ltr'><strong>pro-</strong></span> 
     </span>
    </p>

    <p class='ocr_par' dir='ltr' id='par_1_16' title="bbox 213 2287 1160 2372">
     <span class='ocr_line' id='line_1_18' title="bbox 213 2287 1160 2372; baseline 0.001 -17"><span class='ocrx_word' id='word_1_124' title='bbox 213 2287 295 2355; x_wconf 91' lang='lat' dir='ltr'><strong>didit</strong></span> <span class='ocrx_word' id='word_1_125' title='bbox 321 2299 540 2368; x_wconf 80' lang='lat' dir='ltr'><strong>contemtum3</strong></span> <span class='ocrx_word' id='word_1_126' title='bbox 576 2307 638 2366; x_wconf 90' lang='lat' dir='ltr'><strong>qua</strong></span> <span class='ocrx_word' id='word_1_127' title='bbox 672 2288 706 2358; x_wconf 90' lang='lat' dir='ltr'><strong>in</strong></span> <span class='ocrx_word' id='word_1_128' title='bbox 739 2288 956 2372; x_wconf 89' lang='lat' dir='ltr'><strong>disputatione</strong></span> <span class='ocrx_word' id='word_1_129' title='bbox 985 2288 1160 2359; x_wconf 86' lang='lat' dir='ltr'><strong>Heindorf.</strong></span> 
     </span>
    </p>

    <p class='ocr_par' dir='ltr' id='par_1_17' title="bbox 208 2393 1162 2479">
     <span class='ocr_line' id='line_1_19' title="bbox 208 2393 1162 2479; baseline -0.004 -17"><span class='ocrx_word' id='word_1_130' title='bbox 208 2396 248 2462; x_wconf 89' lang='lat' dir='ltr'><strong>ad</strong></span> <span class='ocrx_word' id='word_1_131' title='bbox 275 2395 443 2475; x_wconf 88' lang='lat' dir='ltr'><strong>Protagor.</strong></span> <span class='ocrx_word' id='word_1_132' title='bbox 468 2411 503 2474; x_wconf 92' lang='lat' dir='ltr'><strong>p.</strong></span> <span class='ocrx_word' id='word_1_133' title='bbox 526 2395 612 2475; x_wconf 79' lang='lat'><strong>560,</strong></span> <span class='ocrx_word' id='word_1_134' title='bbox 645 2393 775 2474; x_wconf 80' lang='lat' dir='ltr'><strong>miratur</strong></span> <span class='ocrx_word' id='word_1_135' title='bbox 804 2393 1053 2479; x_wconf 81' lang='lat' dir='ltr'><strong>arrogantissimi</strong></span> <span class='ocrx_word' id='word_1_136' title='bbox 1076 2394 1162 2477; x_wconf 55' lang='lat' dir='ltr'><strong>Hips</strong></span> 
     </span>
    </p>

    <p class='ocr_par' dir='ltr' id='par_1_18' title="bbox 207 2495 1162 2598">
     <span class='ocr_line' id='line_1_20' title="bbox 207 2495 1162 2598; baseline 0.002 -31"><span class='ocrx_word' id='word_1_137' title='bbox 207 2503 279 2588; x_wconf 83' lang='lat' dir='ltr'><strong>piae</strong></span> <span class='ocrx_word' id='word_1_138' title='bbox 295 2498 490 2598; x_wconf 72' lang='lat' dir='ltr'><strong>docilitatem</strong></span> <span class='ocrx_word' id='word_1_139' title='bbox 519 2514 691 2582; x_wconf 85' lang='lat' dir='ltr'><strong>monetque</strong></span> <span class='ocrx_word' id='word_1_140' title='bbox 710 2521 777 2570; x_wconf 91' lang='lat' dir='ltr'><strong>non</strong></span> <span class='ocrx_word' id='word_1_141' title='bbox 804 2495 987 2574; x_wconf 84' lang='lat' dir='ltr'><strong>confirmari</strong></span> <span class='ocrx_word' id='word_1_142' title='bbox 1013 2521 1162 2570; x_wconf 87' lang='lat' dir='ltr'><strong>sermone</strong></span> 
     </span>
    </p>

    <p class='ocr_par' dir='ltr' id='par_1_19' title="bbox 179 2603 1165 2799">
     <span class='ocr_line' id='line_1_21' title="bbox 179 2603 1163 2700; baseline 0.004 -26"><span class='ocrx_word' id='word_1_143' title='bbox 179 2611 184 2622; x_wconf 93' lang='lat'>&#39;</span> <span class='ocrx_word' id='word_1_144' title='bbox 206 2609 265 2676; x_wconf 91' lang='lat' dir='ltr'><strong>illo</strong></span> <span class='ocrx_word' id='word_1_145' title='bbox 284 2609 379 2700; x_wconf 88' lang='lat' dir='ltr'><strong>fidem</strong></span> <span class='ocrx_word' id='word_1_146' title='bbox 397 2603 639 2687; x_wconf 87' lang='lat' dir='ltr'><strong>Xenophontis.</strong></span> <span class='ocrx_word' id='word_1_147' title='bbox 678 2609 727 2678; x_wconf 89' lang='lat' dir='ltr'><strong>At</strong></span> <span class='ocrx_word' id='word_1_148' title='bbox 744 2613 903 2680; x_wconf 89' lang='lat' dir='ltr'><strong>recordari</strong></span> <span class='ocrx_word' id='word_1_149' title='bbox 921 2627 1074 2696; x_wconf 85' lang='lat' dir='ltr'><strong>oportet,</strong></span> <span class='ocrx_word' id='word_1_150' title='bbox 1096 2615 1163 2678; x_wconf 86' lang='lat' dir='ltr'><strong>Xe·</strong></span> 
     </span>
     <span class='ocr_line' id='line_1_22' title="bbox 206 2711 1165 2799; baseline -0.002 -17"><span class='ocrx_word' id='word_1_151' title='bbox 206 2714 406 2797; x_wconf 87' lang='lat' dir='ltr'><strong>nophontem</strong></span> <span class='ocrx_word' id='word_1_152' title='bbox 424 2711 487 2777; x_wconf 90' lang='lat' dir='ltr'><strong>hoc</strong></span> <span class='ocrx_word' id='word_1_153' title='bbox 509 2713 543 2779; x_wconf 93' lang='lat' dir='ltr'><strong>in</strong></span> <span class='ocrx_word' id='word_1_154' title='bbox 566 2713 680 2796; x_wconf 90' lang='lat' dir='ltr'><strong>primis</strong></span> <span class='ocrx_word' id='word_1_155' title='bbox 701 2713 827 2799; x_wconf 85' lang='lat' dir='ltr'><strong>egisse,</strong></span> <span class='ocrx_word' id='word_1_156' title='bbox 850 2731 887 2784; x_wconf 91' lang='lat' dir='ltr'><strong>ut</strong></span> <span class='ocrx_word' id='word_1_157' title='bbox 918 2717 1059 2782; x_wconf 85' lang='lat' dir='ltr'><strong>Socratis</strong></span> <span class='ocrx_word' id='word_1_158' title='bbox 1089 2715 1165 2797; x_wconf 68' lang='lat' dir='ltr'><strong>opi.-</strong></span> 
     </span>
    </p>

    <p class='ocr_par' dir='ltr' id='par_1_20' title="bbox 205 2820 1157 2908">
     <span class='ocr_line' id='line_1_23' title="bbox 205 2820 1157 2908; baseline -0.007 -17"><span class='ocrx_word' id='word_1_159' title='bbox 205 2824 319 2891; x_wconf 89' lang='lat' dir='ltr'><strong>niones</strong></span> <span class='ocrx_word' id='word_1_160' title='bbox 334 2833 367 2886; x_wconf 91' lang='lat' dir='ltr'><strong>et</strong></span> <span class='ocrx_word' id='word_1_161' title='bbox 387 2836 554 2902; x_wconf 84' lang='lat' dir='ltr'><strong>praecepta</strong></span> <span class='ocrx_word' id='word_1_162' title='bbox 570 2822 603 2888; x_wconf 91' lang='lat' dir='ltr'><strong>in</strong></span> <span class='ocrx_word' id='word_1_163' title='bbox 632 2839 838 2908; x_wconf 83' lang='lat' dir='ltr'><strong>posterorum</strong></span> <span class='ocrx_word' id='word_1_164' title='bbox 862 2821 1028 2892; x_wconf 85' lang='lat' dir='ltr'><strong>utilitatem</strong></span> <span class='ocrx_word' id='word_1_165' title='bbox 1054 2820 1157 2904; x_wconf 81' lang='lat' dir='ltr'><strong>scrip-</strong></span> 
     </span>
    </p>

    <p class='ocr_par' dir='ltr' id='par_1_21' title="bbox 201 2922 1161 3226">
     <span class='ocr_line' id='line_1_24' title="bbox 201 2922 1158 3011; baseline 0 -14"><span class='ocrx_word' id='word_1_166' title='bbox 201 2929 244 2997; x_wconf 91' lang='lat' dir='ltr'><strong>tis</strong></span> <span class='ocrx_word' id='word_1_167' title='bbox 278 2926 429 3011; x_wconf 83' lang='lat' dir='ltr'><strong>religiose</strong></span> <span class='ocrx_word' id='word_1_168' title='bbox 450 2922 751 3010; x_wconf 81' lang='lat' dir='ltr'><strong>consignarentur,</strong></span> <span class='ocrx_word' id='word_1_169' title='bbox 784 2939 926 2998; x_wconf 87' lang='lat' dir='ltr'><strong>caeteros</strong></span> <span class='ocrx_word' id='word_1_170' title='bbox 956 2944 1060 2998; x_wconf 88' lang='lat' dir='ltr'><strong>autem</strong></span> <span class='ocrx_word' id='word_1_171' title='bbox 1097 2929 1158 2997; x_wconf 91' lang='lat' dir='ltr'><strong>ho·</strong></span> 
     </span>
     <span class='ocr_line' id='line_1_25' title="bbox 201 3033 1157 3128; baseline 0.001 -26"><span class='ocrx_word' id='word_1_172' title='bbox 201 3035 302 3105; x_wconf 85' lang='lat' dir='ltr'><strong>mines</strong></span> <span class='ocrx_word' id='word_1_173' title='bbox 325 3049 362 3100; x_wconf 91' lang='lat' dir='ltr'><strong>ut</strong></span> <span class='ocrx_word' id='word_1_174' title='bbox 381 3048 526 3098; x_wconf 87' lang='lat' dir='ltr'><strong>accurate</strong></span> <span class='ocrx_word' id='word_1_175' title='bbox 543 3033 751 3120; x_wconf 89' lang='lat' dir='ltr'><strong>depingeret,</strong></span> <span class='ocrx_word' id='word_1_176' title='bbox 775 3042 911 3118; x_wconf 79' lang='lat' dir='ltr'><strong>parum,</strong></span> <span class='ocrx_word' id='word_1_177' title='bbox 933 3051 1017 3128; x_wconf 83' lang='lat' dir='ltr'><strong>certe</strong></span> <span class='ocrx_word' id='word_1_178' title='bbox 1033 3037 1066 3106; x_wconf 90' lang='lat' dir='ltr'><strong>in</strong></span> <span class='ocrx_word' id='word_1_179' title='bbox 1082 3035 1157 3103; x_wconf 87' lang='lat' dir='ltr'><strong>Me·</strong></span> 
     </span>
     <span class='ocr_line' id='line_1_26' title="bbox 203 3137 1161 3226; baseline 0.006 -22"><span class='ocrx_word' id='word_1_180' title='bbox 203 3137 432 3218; x_wconf 81' lang='lat' dir='ltr'><strong>motabilibus,</strong></span> <span class='ocrx_word' id='word_1_181' title='bbox 450 3139 627 3206; x_wconf 91' lang='lat' dir='ltr'><strong>sollicitum</strong></span> <span class='ocrx_word' id='word_1_182' title='bbox 644 3141 756 3218; x_wconf 84' lang='lat' dir='ltr'><strong>fuisse.</strong></span> <span class='ocrx_word' id='word_1_183' title='bbox 802 3137 899 3221; x_wconf 88' lang='lat' dir='ltr'><strong>Nec,</strong></span> <span class='ocrx_word' id='word_1_184' title='bbox 916 3141 944 3207; x_wconf 92' lang='lat' dir='ltr'><strong>si</strong></span> <span class='ocrx_word' id='word_1_185' title='bbox 959 3141 1029 3226; x_wconf 90' lang='lat' dir='ltr'><strong>ipse</strong></span> <span class='ocrx_word' id='word_1_186' title='bbox 1049 3147 1161 3216; x_wconf 82' lang='lat' dir='ltr'><strong>solum:</strong></span> 
     </span>
    </p>

    <p class='ocr_par' dir='ltr' id='par_1_22' title="bbox 206 3245 1156 3329">
     <span class='ocr_line' id='line_1_27' title="bbox 206 3245 1156 3329; baseline 0.004 -19"><span class='ocrx_word' id='word_1_187' title='bbox 206 3264 339 3326; x_wconf 90' lang='lat' dir='ltr'><strong>eorum,</strong></span> <span class='ocrx_word' id='word_1_188' title='bbox 364 3265 444 3328; x_wconf 88' lang='lat' dir='ltr'><strong>quae</strong></span> <span class='ocrx_word' id='word_1_189' title='bbox 468 3245 554 3312; x_wconf 90' lang='lat' dir='ltr'><strong>dicta</strong></span> <span class='ocrx_word' id='word_1_190' title='bbox 576 3261 686 3325; x_wconf 86' lang='lat' dir='ltr'><strong>erant,</strong></span> <span class='ocrx_word' id='word_1_191' title='bbox 710 3265 885 3328; x_wconf 85' lang='lat' dir='ltr'><strong>summam,</strong></span> <span class='ocrx_word' id='word_1_192' title='bbox 903 3249 1001 3316; x_wconf 87' lang='lat' dir='ltr'><strong>-Plato</strong></span> <span class='ocrx_word' id='word_1_193' title='bbox 1016 3251 1156 3329; x_wconf 75' lang='lat' dir='ltr'><strong>insuper</strong></span> 
     </span>
    </p>

    <p class='ocr_par' dir='ltr' id='par_1_23' title="bbox 204 3351 1159 3433">
     <span class='ocr_line' id='line_1_28' title="bbox 204 3351 1159 3433; baseline 0.001 -19"><span class='ocrx_word' id='word_1_194' title='bbox 204 3369 312 3418; x_wconf 88' lang='lat' dir='ltr'><strong>eorum</strong></span> <span class='ocrx_word' id='word_1_195' title='bbox 325 3391 341 3431; x_wconf 46' lang='lat' dir='ltr'><strong>,v</strong></span> <span class='ocrx_word' id='word_1_196' title='bbox 367 3351 423 3433; x_wconf 90' lang='lat' dir='ltr'><strong>qui</strong></span> <span class='ocrx_word' id='word_1_197' title='bbox 460 3351 593 3432; x_wconf 91' lang='lat' dir='ltr'><strong>dicunt,</strong></span> <span class='ocrx_word' id='word_1_198' title='bbox 624 3352 770 3418; x_wconf 86' lang='lat' dir='ltr'><strong>noticiam</strong></span> <span class='ocrx_word' id='word_1_199' title='bbox 804 3354 973 3418; x_wconf 87' lang='lat' dir='ltr'><strong>memoriae</strong></span> <span class='ocrx_word' id='word_1_200' title='bbox 1001 3352 1159 3432; x_wconf 59' lang='lat' dir='ltr'><strong>mandat,</strong></span> 
     </span>
    </p>

    <p class='ocr_par' dir='ltr' id='par_1_24' title="bbox 194 3453 1156 3858">
     <span class='ocr_line' id='line_1_29' title="bbox 199 3453 1156 3538; baseline 0.006 -18"><span class='ocrx_word' id='word_1_201' title='bbox 199 3453 317 3520; x_wconf 89' lang='lat' dir='ltr'><strong>idcirco</strong></span> <span class='ocrx_word' id='word_1_202' title='bbox 333 3454 446 3536; x_wconf 40' lang='lat' dir='ltr'><strong>,minor</strong></span> <span class='ocrx_word' id='word_1_203' title='bbox 469 3455 638 3524; x_wconf 88' lang='lat' dir='ltr'><strong>tribuenda</strong></span> <span class='ocrx_word' id='word_1_204' title='bbox 661 3455 720 3519; x_wconf 91' lang='lat' dir='ltr'><strong>erit</strong></span> <span class='ocrx_word' id='word_1_205' title='bbox 752 3455 831 3522; x_wconf 87' lang='lat' dir='ltr'><strong>fides</strong></span> <span class='ocrx_word' id='word_1_206' title='bbox 858 3458 930 3538; x_wconf 89' lang='lat' dir='ltr'><strong>illi;</strong></span> <span class='ocrx_word' id='word_1_207' title='bbox 954 3456 1011 3526; x_wconf 80' lang='lat' dir='ltr'><strong>scd</strong></span> <span class='ocrx_word' id='word_1_208' title='bbox 1039 3474 1156 3526; x_wconf 78' lang='lat' dir='ltr'><strong>caven·</strong></span> 
     </span>
     <span class='ocr_line' id='line_1_30' title="bbox 197 3557 1155 3652; baseline -0.001 -25"><span class='ocrx_word' id='word_1_209' title='bbox 197 3563 331 3628; x_wconf 89' lang='lat' dir='ltr'><strong>dumne</strong></span> <span class='ocrx_word' id='word_1_210' title='bbox 353 3563 602 3646; x_wconf 84' lang='lat' dir='ltr'><strong>Xenophontem</strong></span> <span class='ocrx_word' id='word_1_211' title='bbox 624 3559 671 3652; x_wconf 19' lang='lat' dir='ltr'><strong>lin*</strong></span> <span class='ocrx_word' id='word_1_212' title='bbox 694 3557 733 3625; x_wconf 91' lang='lat' dir='ltr'><strong>iis</strong></span> <span class='ocrx_word' id='word_1_213' title='bbox 757 3561 796 3626; x_wconf 92' lang='lat' dir='ltr'><strong>ad</strong></span> <span class='ocrx_word' id='word_1_214' title='bbox 822 3560 1155 3652; x_wconf 55' lang='lat' dir='ltr'><strong>historicasgrationes</strong></span> 
     </span>
     <span class='ocr_line' id='line_1_31' title="bbox 194 3663 1154 3754; baseline -0.006 -18"><span class='ocrx_word' id='word_1_215' title='bbox 194 3666 382 3754; x_wconf 85' lang='lat' dir='ltr'><strong>exigamur,</strong></span> <span class='ocrx_word' id='word_1_216' title='bbox 398 3672 444 3738; x_wconf 81' lang='lat' dir='ltr'><strong>‘de</strong></span> <span class='ocrx_word' id='word_1_217' title='bbox 466 3669 583 3753; x_wconf 92' lang='lat' dir='ltr'><strong>quibus</strong></span> <span class='ocrx_word' id='word_1_218' title='bbox 602 3665 758 3734; x_wconf 84' lang='lat' dir='ltr'><strong>historice</strong></span> <span class='ocrx_word' id='word_1_219' title='bbox 783 3663 944 3732; x_wconf 82' lang='lat' dir='ltr'><strong>narrandis</strong></span> <span class='ocrx_word' id='word_1_220' title='bbox 971 3681 1039 3731; x_wconf 88' lang='lat' dir='ltr'><strong>non</strong></span> <span class='ocrx_word' id='word_1_221' title='bbox 1061 3665 1154 3748; x_wconf 61' lang='lat' dir='ltr'><strong>cogig·</strong></span> 
     </span>
     <span class='ocr_line' id='line_1_32' title="bbox 719 3770 1155 3858; baseline 0.002 -20"><span class='ocrx_word' id='word_1_222' title='bbox 719 3770 801 3858; x_wconf 78' lang='lat' dir='ltr'><strong>Mg</strong></span> <span class='ocrx_word' id='word_1_223' title='bbox 1108 3785 1155 3840; x_wconf 70' lang='lat' dir='ltr'><strong>tui</strong></span> 
     </span>
    </p>
   </div>
   <div class='ocr_carea' id='block_1_2' title="bbox 0 0 1442 4684">
    <p class='ocr_par' dir='ltr' id='par_1_25' title="bbox 0 0 1442 4684">
     <span class='ocr_line' id='line_1_33' title="bbox 0 0 1442 4684; baseline 0 2"><span class='ocrx_word' id='word_1_224' title='bbox 0 0 1442 4684; x_wconf 95' lang='lat' dir='ltr'><strong> </strong></span> 
     </span>
    </p>
   </div>
  </div>
 </body>
</html>
