2824 4688
349 359 402 451 48
622 357 873 438 ‘m

349 555 501 626 nocentia
511 551 710 640 ‚deflexosin
721 552 825 637 viam,
842 562 948 639 quoad
963 580 1094 652 posset,
1110 580 1294 654 reuocaret,

344 668 470 732 nullam
482 661 752 748 praetermittebat
767 666 1043 744 opportunitatem
1055 670 1184 740 virtutis
1200 695 1216 740 a
1225 679 1291 758 ple·

344 787 521 854 corumque
541 772 689 851 neglectu
710 767 933 840 vindicandae:
958 789 990 840 et
1010 769 1178 860 sophistas
1195 769 1290 846 mari·

346 895 422 957 me,
458 874 513 957 qui
542 874 802 940 commendabant
822 875 962 942 studium
996 881 1130 952 honoris
1158 886 1290 970 potius,

338 1001 443 1068 ‚quam
457 980 606 1062 honesti,
619 995 650 1047 et
664 981 843 1067 plurimum,
856 981 1021 1064 pollebant
1033 989 1189 1076 Athenis,
1200 1014 1292 1060 cona.

336 1101 403 1168 ¹tus·
415 1099 464 1150 est
477 1075 627 1170 refutare.
655 1083 856 1153 Provocabat
871 1087 969 1171 igitur
983 1092 1072 1177 ipsos
1088 1117 1106 1162 a
1126 1093 1291 1184 peg'petua·

340 1213 415 1274 rum
433 1191 622 1276 ,orationum
645 1193 895 1276 magnificentia,
920 1195 954 1266 in
982 1201 1099 1284 quibus
1121 1202 1183 1270 sibi
1206 1206 1296 1288 ¹agiis-

346 1318 409 1381 que
435 1285 626 1382 magnopere
647 1304 832 1385 placebant,
854 1303 911 1367 sed
930 1324 1008 1385 quas
1031 1326 1160 1390 saprae
1176 1307 1294 1392 ingenii

337 1407 495 1488 ,videlicet
512 1407 654 1472 tarditate
672 1409 884 1490 nonassequi
902 1410 1093 1497 simulabat,
1115 1418 1155 1482 ad
1170 1417 1292 1484 brevis·

344 1513 493 1580 sitnarum
515 1513 800 1598 interrogationum
823 1519 1136 1601 responsionumque
1161 1513 1297 1590 diffioul·

342 1634 435 1687 tates.
460 1621 591 1704 Protag.
614 1642 649 1704 p.
666 1640 772 1704 334-
785 1641 860 1707 339.
882 1621 988 1710 Gorg.
1013 1647 1048 1709 p.
1061 1645 1136 1706 442.
1147 1624 1193 1690 D.
1212 1645 1289 1710 449.

341 1727 383 1799 B.
406 1727 526 1794 Harum
545 1728 667 1811 laqueis
687 1728 729 1792 ita
746 1728 887 1810 irretitos
898 1730 986 1812 ipsos
1005 1732 1146 1820 tenebat,
1169 1746 1206 1796 ut
1225 1751 1291 1813 quo

339 1853 376 1900 se
393 1845 579 1914 verterent,
595 1854 662 1901 non
680 1834 856 1912 haberent,
874 1839 1047 1919 sudarent,
1072 1837 1295 1921 perturbaren-

334 1955 418 2023 tur,
437 1961 472 2018 ea
490 1942 617 2006 demum
636 1939 809 2005 rationare
824 1937 1028 2024 expedirent,
1055 1962 1147 2024 quam
1165 1942 1303 2010 futilem¹

339 2069 411 2131 esse
431 2062 463 2113 et
479 2041 605 2116 inanem
624 2066 735 2114 omnes
755 2044 979 2129 intelligerent.
1003 2047 1126 2113 Idcirco
1144 2047 1290 2140 nonnulli

332 2156 563 2240 comparabant
576 2151 682 2234 ipsum
694 2173 763 2218 cum
775 2154 925 2222 Scirrone
937 2172 969 2222 et
986 2157 1110 2242 Antaeo
1127 2169 1292 2222 transeun-

330 2280 388 2332 tes
403 2259 517 2326 luctari
535 2275 643 2321 secum
660 2259 871 2343 cogentibus,
896 2262 1032 2330 Theaet.
1054 2281 1089 2346 p.
1106 2264 1176 2356 169,
1188 2265 1234 2330 A.
1247 2265 1287 2330 ll.

243 2383 251 2392 ·
337 2388 410 2460 eum
436 2363 602 2449 sagacibus
627 2362 680 2428 alii
706 2363 1030 2436 Lacedaemoniorum
1056 2370 1191 2452 catulis,
1214 2371 1292 2438 Par·

324 2493 424 2541 men.
448 2491 483 2552 p.
500 2475 573 2544 128.
593 2467 638 2534 C.
661 2470 715 2535 alii
731 2491 804 2536 cum
826 2473 1017 2555 torpedine,
1040 2471 1215 2554 Mermp.
1229 2477 1287 2543 80.

325 2583 411 2667 ‚lpse
430 2597 507 2646 vero
537 2574 718 2650 obstetricis
747 2595 782 2642 se
809 2575 942 2643 similem
970 2576 1189 2661 praedicabam
1213 2599 1289 2648 cum

272 2732 277 2745 .
324 2709 377 2756 -ex
391 2679 641 2772 parturientibus
657 2682 823 2749 bominum
841 2681 976 2768 ingeniis
992 2683 1143 2756 notiones
1161 2685 1292 2752 involu-

336 2810 385 2861 tas
403 2793 575 2869 eliceret,
605 2809 684 2856 vana
713 2789 843 2872 quaevis
874 2807 906 2858 et
934 2796 1094 2872 urruuru‘u¹
1111 2789 1290 2874 abjiceret,

249 2897 251 2902 '
277 2881 280 2886 ¹
319 2896 513 2981 probabilia
532 2909 563 2960 et
576 2897 690 2978 γόνιμα
712 2897 873 2966 retineret.
904 2897 1042 2964 Theaet.
1064 2914 1099 2980 p.
1114 2912 1187 2978 149.
1210 2912 1291 2978 sqq.

324 3003 438 3084 .Saepe
452 2998 578 3066 dicebat
600 3000 815 3085 (Eutbyphr.
839 3025 875 3086 p.
892 3024 925 3086 3.
945 3005 980 3070 Β.
1002 3005 1103 3082 Apol.
1121 3003 1158 3066 S.
1180 3020 1216 3083 p·
1241 3022 1292 3086 31.

221 3149 223 3154 ,
324 3111 379 3178 ·D·
415 3124 449 3186 a·
468 3127 523 3187 ro.
546 3103 586 3167 Β,
618 3101 922 3190 Theage.p.129.
950 3105 1117 3188 Re1th
1142 3111 1290 3202 nam)

322 3217 429 3280 »inesse
442 3207 502 3274 u'bi
521 3207 664 3274 diuinum
679 3211 853 3294 quiddam,
871 3207 955 3296 quud
966 3205 1162 3278 daemonium
1181 3218 1292 3304 appel-

320 3315 726 3402 .1abat‚·cuiseuperrpu
740 3322 918 3400 paruisset,
934 3337 1105 3404 numquam
1128 3322 1293 3408 impellam·

317 3431 389 3512 .n·‚
410 3438 497 3511 saepe
515 3425 688 3487 revocanti.
722 3421 931 3506 Cic..Divin.
951 3426 978 3492 I.
1002 3443 1058 3510 54.
1103 3427 1287 3498 Censuram

319 3553 400 3602 -non
419 3532 518 3610 dura,
541 3525 692 3606 horrida,
714 3527 832 3612 agresti
850 3530 974 3600 ratione
999 3536 1135 3620 agebat,
1160 3554 1193 3606 at
1217 3538 1290 3605 sin·

335 3637 435 3718 gulari
453 3633 815 3718 condiebat'comitate,
845 3654 882 3704 ut
901 3639 934 3708 in
962 3644 1106 3712 oratione
1124 3647 1213 3724 plena
1237 3645 1291 3706 le.

317 3744 423 3821 poris
441 3757 473 3809 et
492 3738 694 3810 burnanitatis
713 3742 887 3828 sapientia,
913 3766 1006 3830 quam
1023 3750 1175 3828 ,homines
1202 3751 1292 3830 δοξά-

1237 3881 1297 3931 ro·
