<?xml version="1.0" encoding="UTF-8"?>
<!DOCTYPE html PUBLIC "-//W3C//DTD XHTML 1.0 Transitional//EN"
    "http://www.w3.org/TR/xhtml1/DTD/xhtml1-transitional.dtd">
<html xmlns="http://www.w3.org/1999/xhtml" xml:lang="en" lang="en">
 <head>
  <title>
</title>
<meta http-equiv="Content-Type" content="text/html;charset=utf-8" />
  <meta name='ocr-system' content='tesseract 3.04.00' />
  <meta name='ocr-capabilities' content='ocr_page ocr_carea ocr_par ocr_line ocrx_word'/>
</head>
<body>
  <div class='ocr_page' id='page_1' title='image "./platonicaprosop00pringoog_0163.png"; bbox 0 0 2842 4682; ppageno 0'>
   <div class='ocr_carea' id='block_1_1' title="bbox 622 398 1201 501">
    <p class='ocr_par' dir='ltr' id='par_1_1' title="bbox 622 398 1201 501">
     <span class='ocr_line' id='line_1_1' title="bbox 622 398 1201 501; baseline 0 -21"><span class='ocrx_word' id='word_1_1' title='bbox 622 399 730 470; x_wconf 65' lang='grc' dir='ltr'><strong>ΕΞ</strong></span> <span class='ocrx_word' id='word_1_2' title='bbox 1050 398 1126 501; x_wconf 71' lang='lat'><strong>143</strong></span> <span class='ocrx_word' id='word_1_3' title='bbox 1199 419 1201 424; x_wconf 81' lang='grc'><em>’</em></span> 
     </span>
    </p>
   </div>
   <div class='ocr_carea' id='block_1_2' title="bbox 112 585 1211 3936">
    <p class='ocr_par' dir='ltr' id='par_1_2' title="bbox 112 585 1211 3936">
     <span class='ocr_line' id='line_1_2' title="bbox 163 585 1124 676; baseline -0.008 -3"><span class='ocrx_word' id='word_1_4' title='bbox 163 603 265 672; x_wconf 78' lang='lat' dir='ltr'><strong>iarius</strong></span> <span class='ocrx_word' id='word_1_5' title='bbox 291 589 407 664; x_wconf 79' lang='lat' dir='ltr'><strong>multis</strong></span> <span class='ocrx_word' id='word_1_6' title='bbox 431 589 618 671; x_wconf 80' lang='lat' dir='ltr'><strong>viderentr,</strong></span> <span class='ocrx_word' id='word_1_7' title='bbox 649 585 703 658; x_wconf 86' lang='lat' dir='ltr'><strong>llle</strong></span> <span class='ocrx_word' id='word_1_8' title='bbox 728 593 855 676; x_wconf 86' lang='lat' dir='ltr'><strong>saepius</strong></span> <span class='ocrx_word' id='word_1_9' title='bbox 880 605 969 664; x_wconf 85' lang='lat' dir='ltr'><strong>notat</strong></span> <span class='ocrx_word' id='word_1_10' title='bbox 993 596 1124 666; x_wconf 83' lang='lat' dir='ltr'><strong>inhoo</strong></span> 
     </span>
     <span class='ocr_line' id='line_1_3' title="bbox 166 699 1114 798; baseline -0.008 -19"><span class='ocrx_word' id='word_1_11' title='bbox 166 714 344 798; x_wconf 71' lang='grc' dir='ltr'><strong><em>θρασύτητα</em></strong></span> <span class='ocrx_word' id='word_1_12' title='bbox 360 703 414 770; x_wconf 68' lang='lat' dir='ltr'><strong>aar</strong></span> <span class='ocrx_word' id='word_1_13' title='bbox 433 701 608 783; x_wconf 72' lang='grc' dir='ltr'><strong><em>τίιμηνιιιοί</em></strong></span> <span class='ocrx_word' id='word_1_14' title='bbox 626 703 659 768; x_wconf 75' lang='grc' dir='ltr'><strong>τί</strong></span> <span class='ocrx_word' id='word_1_15' title='bbox 669 699 787 780; x_wconf 70' lang='grc' dir='ltr'><strong><em>ἄφοβον</em></strong></span> <span class='ocrx_word' id='word_1_16' title='bbox 804 707 885 782; x_wconf 68' lang='grc' dir='ltr'><strong>μετὰ</strong></span> <span class='ocrx_word' id='word_1_17' title='bbox 899 705 1114 790; x_wconf 59' lang='lat' dir='ltr'><strong>annonarum,</strong></span> 
     </span>
     <span class='ocr_line' id='line_1_4' title="bbox 163 807 1112 903; baseline -0.008 -20"><span class='ocrx_word' id='word_1_18' title='bbox 163 817 286 903; x_wconf 84' lang='lat' dir='ltr'><strong>quibus</strong></span> <span class='ocrx_word' id='word_1_19' title='bbox 313 819 406 894; x_wconf 83' lang='lat' dir='ltr'><strong>negat</strong></span> <span class='ocrx_word' id='word_1_20' title='bbox 432 807 652 874; x_wconf 88' lang='lat' dir='ltr'><strong>fortitudinem</strong></span> <span class='ocrx_word' id='word_1_21' title='bbox 674 808 860 872; x_wconf 82' lang='lat' dir='ltr'>censendam</span> <span class='ocrx_word' id='word_1_22' title='bbox 891 825 981 886; x_wconf 85' lang='lat' dir='ltr'><strong>esse,</strong></span> <span class='ocrx_word' id='word_1_23' title='bbox 1008 809 1112 886; x_wconf 79' lang='lat' dir='ltr'><strong>Lech.</strong></span> 
     </span>
     <span class='ocr_line' id='line_1_5' title="bbox 161 909 1113 1007; baseline -0.013 -20"><span class='ocrx_word' id='word_1_24' title='bbox 161 939 199 1007; x_wconf 92' lang='lat' dir='ltr'><strong>p.</strong></span> <span class='ocrx_word' id='word_1_25' title='bbox 225 936 308 1003; x_wconf 72' lang='lat'><strong>1972</strong></span> <span class='ocrx_word' id='word_1_26' title='bbox 334 917 385 981; x_wconf 89' lang='lat' dir='ltr'><strong>hic</strong></span> <span class='ocrx_word' id='word_1_27' title='bbox 410 913 550 980; x_wconf 90' lang='lat' dir='ltr'><strong>vicissim</strong></span> <span class='ocrx_word' id='word_1_28' title='bbox 569 909 679 997; x_wconf 83' lang='lat' dir='ltr'><strong>objicit</strong></span> <span class='ocrx_word' id='word_1_29' title='bbox 698 909 744 976; x_wconf 91' lang='lat' dir='ltr'><strong>illi</strong></span> <span class='ocrx_word' id='word_1_30' title='bbox 767 909 919 993; x_wconf 86' lang='lat' dir='ltr'><strong>ignaviam</strong></span> <span class='ocrx_word' id='word_1_31' title='bbox 940 916 1113 986; x_wconf 77' lang='lat' dir='ltr'><strong>verborum</strong></span> 
     </span>
     <span class='ocr_line' id='line_1_6' title="bbox 161 1015 1113 1111; baseline -0.012 -19"><span class='ocrx_word' id='word_1_32' title='bbox 161 1037 284 1111; x_wconf 83' lang='lat' dir='ltr'><strong>pompa</strong></span> <span class='ocrx_word' id='word_1_33' title='bbox 299 1021 548 1105; x_wconf 74' lang='lat' dir='ltr'><strong>prudentiaeque</strong></span> <span class='ocrx_word' id='word_1_34' title='bbox 563 1020 693 1086; x_wconf 88' lang='lat' dir='ltr'><strong>nomine</strong></span> <span class='ocrx_word' id='word_1_35' title='bbox 712 1015 962 1100; x_wconf 83' lang='lat' dir='ltr'><strong>dissimulatam,</strong></span> <span class='ocrx_word' id='word_1_36' title='bbox 986 1042 1021 1105; x_wconf 92' lang='lat' dir='ltr'><strong>p.</strong></span> <span class='ocrx_word' id='word_1_37' title='bbox 1037 1030 1113 1107; x_wconf 79' lang='lat'>184,</span> 
     </span>
     <span class='ocr_line' id='line_1_7' title="bbox 162 1120 1211 1217; baseline 0.001 -20"><span class='ocrx_word' id='word_1_38' title='bbox 162 1145 200 1217; x_wconf 90' lang='lat' dir='ltr'><strong>p.</strong></span> <span class='ocrx_word' id='word_1_39' title='bbox 216 1136 296 1213; x_wconf 79' lang='lat' dir='ltr'><strong>rur,</strong></span> <span class='ocrx_word' id='word_1_40' title='bbox 319 1141 385 1195; x_wconf 86' lang='lat' dir='ltr'><strong>tum</strong></span> <span class='ocrx_word' id='word_1_41' title='bbox 403 1129 653 1204; x_wconf 64' lang='grc' dir='ltr'><strong>δεισιδαιμονίαν,</strong></span> <span class='ocrx_word' id='word_1_42' title='bbox 668 1135 778 1190; x_wconf 88' lang='lat' dir='ltr'><strong>notam</strong></span> <span class='ocrx_word' id='word_1_43' title='bbox 795 1120 868 1188; x_wconf 88' lang='lat' dir='ltr'><strong>irem</strong></span> <span class='ocrx_word' id='word_1_44' title='bbox 883 1145 921 1191; x_wconf 85' lang='lat' dir='ltr'><strong>ex</strong></span> <span class='ocrx_word' id='word_1_45' title='bbox 940 1128 1111 1199; x_wconf 83' lang='lat' dir='ltr'><strong>Plutarcho</strong></span> <span class='ocrx_word' id='word_1_46' title='bbox 1208 1205 1211 1214; x_wconf 60' lang='grc'>,</span> 
     </span>
     <span class='ocr_line' id='line_1_8' title="bbox 159 1227 1120 1320; baseline -0.005 -12"><span class='ocrx_word' id='word_1_47' title='bbox 159 1242 195 1308; x_wconf 88' lang='lat' dir='ltr'><strong>in</strong></span> <span class='ocrx_word' id='word_1_48' title='bbox 214 1239 330 1318; x_wconf 87' lang='lat' dir='ltr'><strong>Nicia,</strong></span> <span class='ocrx_word' id='word_1_49' title='bbox 353 1257 383 1305; x_wconf 90' lang='lat' dir='ltr'><strong>c.</strong></span> <span class='ocrx_word' id='word_1_50' title='bbox 396 1257 458 1320; x_wconf 69' lang='lat' dir='ltr'><strong>ou,</strong></span> <span class='ocrx_word' id='word_1_51' title='bbox 479 1234 583 1311; x_wconf 84' lang='lat' dir='ltr'><strong>ridet,</strong></span> <span class='ocrx_word' id='word_1_52' title='bbox 600 1243 635 1315; x_wconf 87' lang='lat' dir='ltr'><strong>p.</strong></span> <span class='ocrx_word' id='word_1_53' title='bbox 652 1247 726 1311; x_wconf 77' lang='lat'><strong>195.</strong></span> <span class='ocrx_word' id='word_1_54' title='bbox 750 1227 793 1295; x_wconf 80' lang='grc' dir='ltr'><strong>Ε.</strong></span> <span class='ocrx_word' id='word_1_55' title='bbox 827 1230 1024 1317; x_wconf 83' lang='lat' dir='ltr'><strong>Quamquam</strong></span> <span class='ocrx_word' id='word_1_56' title='bbox 1043 1255 1120 1303; x_wconf 91' lang='lat' dir='ltr'><strong>non·</strong></span> 
     </span>
     <span class='ocr_line' id='line_1_9' title="bbox 159 1333 1118 1431; baseline -0.009 -15"><span class='ocrx_word' id='word_1_57' title='bbox 159 1349 224 1416; x_wconf 88' lang='lat' dir='ltr'><strong>nisi</strong></span> <span class='ocrx_word' id='word_1_58' title='bbox 249 1357 348 1431; x_wconf 83' lang='lat' dir='ltr'><strong>paura</strong></span> <span class='ocrx_word' id='word_1_59' title='bbox 383 1345 481 1412; x_wconf 84' lang='lat' dir='ltr'><strong>libare</strong></span> <span class='ocrx_word' id='word_1_60' title='bbox 507 1355 639 1425; x_wconf 87' lang='lat' dir='ltr'><strong>possum</strong></span> <span class='ocrx_word' id='word_1_61' title='bbox 667 1355 706 1402; x_wconf 84' lang='lat' dir='ltr'><strong>ex</strong></span> <span class='ocrx_word' id='word_1_62' title='bbox 736 1333 891 1418; x_wconf 81' lang='lat' dir='ltr'><strong>&#39;perpetua</strong></span> <span class='ocrx_word' id='word_1_63' title='bbox 921 1335 1010 1420; x_wconf 86' lang='lat' dir='ltr'><strong>fere,</strong></span> <span class='ocrx_word' id='word_1_64' title='bbox 1047 1361 1118 1422; x_wconf 72' lang='lat' dir='ltr'><strong>qua&#39;</strong></span> 
     </span>
     <span class='ocr_line' id='line_1_10' title="bbox 154 1439 1115 1538; baseline -0.01 -18"><span class='ocrx_word' id='word_1_65' title='bbox 154 1467 248 1520; x_wconf 84' lang='lat' dir='ltr'><strong>totus</strong></span> <span class='ocrx_word' id='word_1_66' title='bbox 277 1451 433 1538; x_wconf 81' lang='lat' dir='ltr'><strong>Dialogus</strong></span> <span class='ocrx_word' id='word_1_67' title='bbox 454 1439 643 1521; x_wconf 70' lang='lat' dir='ltr'><strong>redundat,</strong></span> <span class='ocrx_word' id='word_1_68' title='bbox 670 1441 856 1508; x_wconf 83' lang='lat' dir='ltr'><strong>dicacitate.</strong></span> <span class='ocrx_word' id='word_1_69' title='bbox 911 1442 1002 1510; x_wconf 90' lang='lat' dir='ltr'><strong>Plato</strong></span> <span class='ocrx_word' id='word_1_70' title='bbox 1034 1463 1115 1514; x_wconf 90' lang='lat' dir='ltr'><strong>eum·</strong></span> 
     </span>
     <span class='ocr_line' id='line_1_11' title="bbox 155 1548 1107 1639; baseline -0.014 -13"><span class='ocrx_word' id='word_1_71' title='bbox 155 1571 327 1639; x_wconf 89' lang='lat' dir='ltr'><strong>utroque,</strong></span> <span class='ocrx_word' id='word_1_72' title='bbox 360 1567 516 1638; x_wconf 85' lang='lat' dir='ltr'><strong>quatenus</strong></span> <span class='ocrx_word' id='word_1_73' title='bbox 552 1548 802 1635; x_wconf 83' lang='lat' dir='ltr'><strong>reprehendebat</strong></span> <span class='ocrx_word' id='word_1_74' title='bbox 837 1551 997 1631; x_wconf 84' lang='lat' dir='ltr'><strong>alterum,</strong></span> <span class='ocrx_word' id='word_1_75' title='bbox 1029 1572 1107 1622; x_wconf 69' lang='lat' dir='ltr'><strong>con·</strong></span> 
     </span>
     <span class='ocr_line' id='line_1_12' title="bbox 153 1651 1157 1746; baseline -0.006 -14"><span class='ocrx_word' id='word_1_76' title='bbox 153 1663 332 1746; x_wconf 70' lang='lat' dir='ltr'><strong>sentiebata</strong></span> <span class='ocrx_word' id='word_1_77' title='bbox 357 1675 463 1745; x_wconf 83' lang='lat' dir='ltr'><strong>neque</strong></span> <span class='ocrx_word' id='word_1_78' title='bbox 482 1658 564 1726; x_wconf 86' lang='lat' dir='ltr'><strong>enim</strong></span> <span class='ocrx_word' id='word_1_79' title='bbox 585 1656 618 1721; x_wconf 87' lang='lat' dir='ltr'><strong>in</strong></span> <span class='ocrx_word' id='word_1_80' title='bbox 632 1651 771 1718; x_wconf 88' lang='lat' dir='ltr'><strong>Lachete</strong></span> <span class='ocrx_word' id='word_1_81' title='bbox 789 1656 944 1736; x_wconf 87' lang='lat' dir='ltr'><strong>probabat</strong></span> <span class='ocrx_word' id='word_1_82' title='bbox 962 1662 1013 1736; x_wconf 73' lang='grc' dir='ltr'><strong><em>τίον</em></strong></span> <span class='ocrx_word' id='word_1_83' title='bbox 1031 1661 1106 1728; x_wconf 74' lang='lat' dir='ltr'><strong>dua·</strong></span> <span class='ocrx_word' id='word_1_84' title='bbox 1154 1709 1157 1714; x_wconf 82' lang='lat'>-</span> 
     </span>
     <span class='ocr_line' id='line_1_13' title="bbox 149 1759 1116 1856; baseline -0.011 -14"><span class='ocrx_word' id='word_1_85' title='bbox 149 1799 205 1856; x_wconf 75' lang='lat' dir='ltr'><strong>prr</strong></span> <span class='ocrx_word' id='word_1_86' title='bbox 224 1775 360 1856; x_wconf 71' lang='grc' dir='ltr'><strong><em>ἀφοβίαν</em></strong></span> <span class='ocrx_word' id='word_1_87' title='bbox 372 1815 383 1850; x_wconf 91' lang='grc'><em>,</em></span> <span class='ocrx_word' id='word_1_88' title='bbox 394 1763 650 1834; x_wconf 86' lang='lat' dir='ltr'><strong>Atheniensibus</strong></span> <span class='ocrx_word' id='word_1_89' title='bbox 667 1761 753 1845; x_wconf 89' lang='lat' dir='ltr'><strong>apud</strong></span> <span class='ocrx_word' id='word_1_90' title='bbox 768 1761 891 1826; x_wconf 88' lang='lat' dir='ltr'><strong>Delium</strong></span> <span class='ocrx_word' id='word_1_91' title='bbox 913 1759 985 1842; x_wconf 89' lang='lat' dir='ltr'><strong>(cf.</strong></span> <span class='ocrx_word' id='word_1_92' title='bbox 1001 1761 1116 1832; x_wconf 52' lang='lat' dir='ltr'><strong>Lethe</strong></span> 
     </span>
     <span class='ocr_line' id='line_1_14' title="bbox 151 1863 1104 1961; baseline -0.017 -17"><span class='ocrx_word' id='word_1_93' title='bbox 151 1893 186 1961; x_wconf 91' lang='lat' dir='ltr'><strong>p.</strong></span> <span class='ocrx_word' id='word_1_94' title='bbox 213 1881 289 1946; x_wconf 83' lang='lat'><strong>181.</strong></span> <span class='ocrx_word' id='word_1_95' title='bbox 312 1875 387 1956; x_wconf 85' lang='lat' dir='ltr'><strong>B),</strong></span> <span class='ocrx_word' id='word_1_96' title='bbox 410 1891 474 1954; x_wconf 87' lang='lat' dir='ltr'><strong>qua</strong></span> <span class='ocrx_word' id='word_1_97' title='bbox 500 1871 534 1937; x_wconf 89' lang='lat' dir='ltr'><strong>in</strong></span> <span class='ocrx_word' id='word_1_98' title='bbox 564 1868 641 1951; x_wconf 87' lang='lat' dir='ltr'><strong>fuga</strong></span> <span class='ocrx_word' id='word_1_99' title='bbox 666 1883 732 1931; x_wconf 89' lang='lat' dir='ltr'><strong>non</strong></span> <span class='ocrx_word' id='word_1_100' title='bbox 758 1863 924 1930; x_wconf 88' lang='lat' dir='ltr'><strong>admodum</strong></span> <span class='ocrx_word' id='word_1_101' title='bbox 954 1865 1018 1932; x_wconf 83' lang='lat' dir='ltr'><strong>fuit</strong></span> <span class='ocrx_word' id='word_1_102' title='bbox 1047 1871 1104 1950; x_wconf 65' lang='grc' dir='ltr'><strong>ίμν</strong></span> 
     </span>
     <span class='ocr_line' id='line_1_15' title="bbox 150 1966 1103 2066; baseline -0.012 -17"><span class='ocrx_word' id='word_1_103' title='bbox 150 1987 229 2064; x_wconf 70' lang='lat' dir='ltr'><strong>opor</strong></span> <span class='ocrx_word' id='word_1_104' title='bbox 253 1980 437 2066; x_wconf 86' lang='lat' dir='ltr'><strong>(Sympos.</strong></span> <span class='ocrx_word' id='word_1_105' title='bbox 471 1997 506 2060; x_wconf 91' lang='lat' dir='ltr'><strong>p.</strong></span> <span class='ocrx_word' id='word_1_106' title='bbox 526 1992 599 2041; x_wconf 76' lang='lat' dir='ltr'><strong>aar.</strong></span> <span class='ocrx_word' id='word_1_107' title='bbox 623 1973 701 2056; x_wconf 85' lang='lat' dir='ltr'><strong>B),</strong></span> <span class='ocrx_word' id='word_1_108' title='bbox 724 1966 905 2050; x_wconf 83' lang='lat' dir='ltr'><strong>funestam3</strong></span> <span class='ocrx_word' id='word_1_109' title='bbox 936 1988 1040 2050; x_wconf 88' lang='lat' dir='ltr'><strong>neque</strong></span> <span class='ocrx_word' id='word_1_110' title='bbox 1068 1973 1103 2039; x_wconf 90' lang='lat' dir='ltr'><strong>in</strong></span> 
     </span>
     <span class='ocr_line' id='line_1_16' title="bbox 152 2068 1103 2166; baseline -0.015 -13"><span class='ocrx_word' id='word_1_111' title='bbox 152 2087 247 2154; x_wconf 90' lang='lat' dir='ltr'><strong>Nicia</strong></span> <span class='ocrx_word' id='word_1_112' title='bbox 276 2084 403 2154; x_wconf 83' lang='lat' dir='ltr'><strong>nimiam</strong></span> <span class='ocrx_word' id='word_1_113' title='bbox 439 2075 635 2166; x_wconf 82' lang='lat' dir='ltr'><strong>diligentiam</strong></span> <span class='ocrx_word' id='word_1_114' title='bbox 674 2073 830 2152; x_wconf 86' lang='lat' dir='ltr'><strong>cavendi,</strong></span> <span class='ocrx_word' id='word_1_115' title='bbox 865 2068 927 2154; x_wconf 79' lang='lat' dir='ltr'><strong>qua</strong></span> <span class='ocrx_word' id='word_1_116' title='bbox 954 2075 1103 2141; x_wconf 90' lang='lat' dir='ltr'><strong>vincendi</strong></span> 
     </span>
     <span class='ocr_line' id='line_1_17' title="bbox 112 2175 1097 2277; baseline -0.015 -15"><span class='ocrx_word' id='word_1_117' title='bbox 112 2177 115 2185; x_wconf 50' lang='grc'><strong>’</strong></span> <span class='ocrx_word' id='word_1_118' title='bbox 148 2190 418 2277; x_wconf 81' lang='lat' dir='ltr'><strong>opportunitatem</strong></span> <span class='ocrx_word' id='word_1_119' title='bbox 452 2205 492 2256; x_wconf 84' lang='lat' dir='ltr'><strong>ex</strong></span> <span class='ocrx_word' id='word_1_120' title='bbox 528 2185 674 2254; x_wconf 87' lang='lat' dir='ltr'><strong>manibus</strong></span> <span class='ocrx_word' id='word_1_121' title='bbox 705 2175 786 2246; x_wconf 85' lang='lat' dir='ltr'><strong>elabi</strong></span> <span class='ocrx_word' id='word_1_122' title='bbox 819 2193 1005 2260; x_wconf 88' lang='lat' dir='ltr'><strong>pateretur:</strong></span> <span class='ocrx_word' id='word_1_123' title='bbox 1051 2179 1097 2248; x_wconf 72' lang='lat' dir='ltr'><strong>ef.</strong></span> 
     </span>
     <span class='ocr_line' id='line_1_18' title="bbox 147 2283 1100 2379; baseline -0.02 -9"><span class='ocrx_word' id='word_1_124' title='bbox 147 2301 288 2370; x_wconf 84' lang='lat' dir='ltr'><strong>Lacher.</strong></span> <span class='ocrx_word' id='word_1_125' title='bbox 312 2294 442 2379; x_wconf 81' lang='lat' dir='ltr'><strong>passim.</strong></span> <span class='ocrx_word' id='word_1_126' title='bbox 487 2293 585 2359; x_wconf 87' lang='lat' dir='ltr'><strong>Porro</strong></span> <span class='ocrx_word' id='word_1_127' title='bbox 614 2291 700 2356; x_wconf 91' lang='lat' dir='ltr'><strong>hunc</strong></span> <span class='ocrx_word' id='word_1_128' title='bbox 726 2286 760 2352; x_wconf 92' lang='lat' dir='ltr'><strong>in</strong></span> <span class='ocrx_word' id='word_1_129' title='bbox 777 2283 940 2366; x_wconf 72' lang='lat' dir='ltr'><strong>reptibiles</strong></span> <span class='ocrx_word' id='word_1_130' title='bbox 964 2287 1100 2354; x_wconf 78' lang='lat' dir='ltr'><strong>admini-</strong></span> 
     </span>
     <span class='ocr_line' id='line_1_19' title="bbox 148 2389 1097 2480; baseline -0.016 -5"><span class='ocrx_word' id='word_1_131' title='bbox 148 2405 277 2476; x_wconf 86' lang='lat' dir='ltr'><strong>stranda</strong></span> <span class='ocrx_word' id='word_1_132' title='bbox 302 2420 369 2470; x_wconf 91' lang='lat' dir='ltr'><strong>non</strong></span> <span class='ocrx_word' id='word_1_133' title='bbox 391 2397 627 2480; x_wconf 87' lang='lat' dir='ltr'><strong>integerrimum</strong></span> <span class='ocrx_word' id='word_1_134' title='bbox 655 2392 781 2470; x_wconf 83' lang='lat' dir='ltr'><strong>fuisse,</strong></span> <span class='ocrx_word' id='word_1_135' title='bbox 803 2389 931 2458; x_wconf 89' lang='lat' dir='ltr'><strong>videtur</strong></span> <span class='ocrx_word' id='word_1_136' title='bbox 961 2391 1097 2460; x_wconf 85' lang='lat' dir='ltr'><strong>indicare</strong></span> 
     </span>
     <span class='ocr_line' id='line_1_20' title="bbox 145 2480 1097 2592; baseline -0.024 -13"><span class='ocrx_word' id='word_1_137' title='bbox 145 2514 180 2579; x_wconf 87' lang='lat' dir='ltr'><strong>in</strong></span> <span class='ocrx_word' id='word_1_138' title='bbox 205 2498 350 2592; x_wconf 81' lang='lat' dir='ltr'><strong>Gorgia,</strong></span> <span class='ocrx_word' id='word_1_139' title='bbox 373 2515 408 2588; x_wconf 87' lang='lat' dir='ltr'><strong>p.</strong></span> <span class='ocrx_word' id='word_1_140' title='bbox 422 2517 517 2586; x_wconf 65' lang='lat'><strong>472,</strong></span> <span class='ocrx_word' id='word_1_141' title='bbox 539 2503 597 2582; x_wconf 85' lang='lat' dir='ltr'><strong>A,</strong></span> <span class='ocrx_word' id='word_1_142' title='bbox 621 2499 676 2566; x_wconf 91' lang='lat' dir='ltr'><strong>ubi</strong></span> <span class='ocrx_word' id='word_1_143' title='bbox 697 2516 769 2564; x_wconf 91' lang='lat' dir='ltr'><strong>cum</strong></span> <span class='ocrx_word' id='word_1_144' title='bbox 793 2494 944 2563; x_wconf 84' lang='lat' dir='ltr'><strong>iratribus</strong></span> <span class='ocrx_word' id='word_1_145' title='bbox 969 2480 1030 2566; x_wconf 83' lang='lat' dir='ltr'><strong>una</strong></span> <span class='ocrx_word' id='word_1_146' title='bbox 1047 2517 1097 2564; x_wconf 86' lang='lat' dir='ltr'><strong>re.</strong></span> 
     </span>
     <span class='ocr_line' id='line_1_21' title="bbox 145 2605 1097 2701; baseline -0.014 -15"><span class='ocrx_word' id='word_1_147' title='bbox 145 2617 268 2686; x_wconf 84' lang='lat' dir='ltr'><strong>fertur&#39;</strong></span> <span class='ocrx_word' id='word_1_148' title='bbox 260 2635 294 2684; x_wconf 88' lang='lat' dir='ltr'><strong>rn</strong></span> <span class='ocrx_word' id='word_1_149' title='bbox 309 2610 474 2701; x_wconf 80' lang='lat' dir='ltr'><strong>justitiae,</strong></span> <span class='ocrx_word' id='word_1_150' title='bbox 497 2606 647 2674; x_wconf 90' lang='lat' dir='ltr'><strong>videlicet</strong></span> <span class='ocrx_word' id='word_1_151' title='bbox 665 2605 775 2687; x_wconf 88' lang='lat' dir='ltr'><strong>utilis,</strong></span> <span class='ocrx_word' id='word_1_152' title='bbox 797 2606 995 2672; x_wconf 81' lang='lat' dir='ltr'><strong>laudatores:</strong></span> <span class='ocrx_word' id='word_1_153' title='bbox 1018 2632 1097 2688; x_wconf 82' lang='grc' dir='ltr'><strong><em>μορ·</em></strong></span> 
     </span>
     <span class='ocr_line' id='line_1_22' title="bbox 145 2705 1095 2806; baseline -0.02 -12"><span class='ocrx_word' id='word_1_154' title='bbox 145 2725 299 2806; x_wconf 71' lang='lat' dir='ltr'><strong>rupimus!</strong></span> <span class='ocrx_word' id='word_1_155' title='bbox 326 2744 370 2788; x_wconf 80' lang='grc' dir='ltr'><strong>σοι</strong></span> <span class='ocrx_word' id='word_1_156' title='bbox 396 2718 507 2787; x_wconf 72' lang='grc' dir='ltr'><strong><em>Νικίαι</em></strong></span> <span class='ocrx_word' id='word_1_157' title='bbox 528 2719 542 2784; x_wconf 81' lang='lat' dir='ltr'><strong>b</strong></span> <span class='ocrx_word' id='word_1_158' title='bbox 561 2715 729 2794; x_wconf 68' lang='grc' dir='ltr'><strong><em>Νικηράτου</em></strong></span> <span class='ocrx_word' id='word_1_159' title='bbox 755 2709 805 2776; x_wconf 75' lang='lat' dir='ltr'><strong>uui</strong></span> <span class='ocrx_word' id='word_1_160' title='bbox 826 2710 852 2775; x_wconf 81' lang='lat' dir='ltr'><strong>ol</strong></span> <span class='ocrx_word' id='word_1_161' title='bbox 873 2710 999 2792; x_wconf 69' lang='grc' dir='ltr'><strong><em>ἀδελφοί</em></strong></span> <span class='ocrx_word' id='word_1_162' title='bbox 1022 2705 1095 2788; x_wconf 78' lang='grc' dir='ltr'><strong>μοι’</strong></span> 
     </span>
     <span class='ocr_line' id='line_1_23' title="bbox 147 2813 1093 2905; baseline -0.027 -5"><span class='ocrx_word' id='word_1_163' title='bbox 147 2833 264 2905; x_wconf 72' lang='lat' dir='ltr'><strong>arisai,</strong></span> <span class='ocrx_word' id='word_1_164' title='bbox 287 2818 325 2892; x_wconf 86' lang='grc' dir='ltr'><strong>οον</strong></span> <span class='ocrx_word' id='word_1_165' title='bbox 353 2824 378 2891; x_wconf 81' lang='lat' dir='ltr'><strong>oi</strong></span> <span class='ocrx_word' id='word_1_166' title='bbox 400 2821 542 2901; x_wconf 67' lang='grc' dir='ltr'><strong>τρίποδος</strong></span> <span class='ocrx_word' id='word_1_167' title='bbox 554 2820 579 2887; x_wconf 77' lang='lat' dir='ltr'><strong>ol</strong></span> <span class='ocrx_word' id='word_1_168' title='bbox 600 2821 713 2901; x_wconf 67' lang='grc' dir='ltr'><strong><em>ἐφεξῆς</em></strong></span> <span class='ocrx_word' id='word_1_169' title='bbox 743 2814 870 2884; x_wconf 60' lang='lat' dir='ltr'><strong>&amp;ruric</strong></span> <span class='ocrx_word' id='word_1_170' title='bbox 889 2815 964 2878; x_wconf 86' lang='grc' dir='ltr'><strong><em>οίοιν</em></strong></span> <span class='ocrx_word' id='word_1_171' title='bbox 995 2813 1026 2878; x_wconf 73' lang='grc' dir='ltr'><strong>ἐν</strong></span> <span class='ocrx_word' id='word_1_172' title='bbox 1050 2813 1093 2897; x_wconf 65' lang='grc' dir='ltr'><strong>τῷ</strong></span> 
     </span>
     <span class='ocr_line' id='line_1_24' title="bbox 141 2915 1090 3018; baseline -0.02 -10"><span class='ocrx_word' id='word_1_173' title='bbox 141 2936 307 3018; x_wconf 74' lang='grc' dir='ltr'><strong><em>Διονυσίῳ·</em></strong></span> <span class='ocrx_word' id='word_1_174' title='bbox 338 2925 549 3012; x_wconf 75' lang='lat' dir='ltr'><strong>proximeque</strong></span> <span class='ocrx_word' id='word_1_175' title='bbox 574 2923 704 2990; x_wconf 90' lang='lat' dir='ltr'><strong>additur</strong></span> <span class='ocrx_word' id='word_1_176' title='bbox 729 2915 793 3000; x_wconf 91' lang='lat' dir='ltr'><strong>ipsi</strong></span> <span class='ocrx_word' id='word_1_177' title='bbox 817 2936 1090 2988; x_wconf 79' lang='lat' dir='ltr'><strong>amsrocunuus</strong></span> 
     </span>
     <span class='ocr_line' id='line_1_25' title="bbox 142 3026 1097 3112; baseline -0.013 -2"><span class='ocrx_word' id='word_1_178' title='bbox 142 3045 165 3109; x_wconf 80' lang='lat' dir='ltr'><strong>l</strong></span> <span class='ocrx_word' id='word_1_179' title='bbox 185 3041 357 3112; x_wconf 75' lang='grc' dir='ltr'><strong><em>Σκελλίου,</em></strong></span> <span class='ocrx_word' id='word_1_180' title='bbox 386 3031 422 3103; x_wconf 87' lang='grc' dir='ltr'><strong>οὗ</strong></span> <span class='ocrx_word' id='word_1_181' title='bbox 449 3029 489 3100; x_wconf 75' lang='lat' dir='ltr'><strong>ai</strong></span> <span class='ocrx_word' id='word_1_182' title='bbox 524 3033 605 3098; x_wconf 75' lang='grc' dir='ltr'><strong><em>ἐστιν</em></strong></span> <span class='ocrx_word' id='word_1_183' title='bbox 632 3032 673 3096; x_wconf 72' lang='grc' dir='ltr'><strong>ἐν</strong></span> <span class='ocrx_word' id='word_1_184' title='bbox 688 3026 794 3096; x_wconf 73' lang='grc' dir='ltr'><strong><em>Πυθίου</em></strong></span> <span class='ocrx_word' id='word_1_185' title='bbox 823 3049 910 3096; x_wconf 82' lang='lat' dir='ltr'><strong>rouro</strong></span> <span class='ocrx_word' id='word_1_186' title='bbox 936 3029 972 3098; x_wconf 81' lang='grc' dir='ltr'><strong>τί</strong></span> <span class='ocrx_word' id='word_1_187' title='bbox 998 3031 1097 3108; x_wconf 67' lang='lat' dir='ltr'><strong>esur,</strong></span> 
     </span>
     <span class='ocr_line' id='line_1_26' title="bbox 141 3129 1107 3224; baseline -0.01 -11"><span class='ocrx_word' id='word_1_188' title='bbox 141 3149 305 3224; x_wconf 71' lang='grc' dir='ltr'><strong><em>ὀνάίηοοο,</em></strong></span> <span class='ocrx_word' id='word_1_189' title='bbox 328 3137 465 3223; x_wconf 85' lang='lat' dir='ltr'><strong>pessima</strong></span> <span class='ocrx_word' id='word_1_190' title='bbox 484 3135 566 3203; x_wconf 84' lang='lat' dir='ltr'><strong>inter</strong></span> <span class='ocrx_word' id='word_1_191' title='bbox 584 3131 787 3216; x_wconf 84' lang='lat' dir='ltr'><strong>Oligarchiae</strong></span> <span class='ocrx_word' id='word_1_192' title='bbox 806 3129 973 3216; x_wconf 86' lang='lat' dir='ltr'><strong>fautores,</strong></span> <span class='ocrx_word' id='word_1_193' title='bbox 997 3135 1028 3202; x_wconf 82' lang='grc' dir='ltr'><strong>Γ</strong></span> <span class='ocrx_word' id='word_1_194' title='bbox 1031 3137 1107 3209; x_wconf 94' lang='lat' dir='ltr'><strong>hu</strong></span> 
     </span>
     <span class='ocr_line' id='line_1_27' title="bbox 138 3239 1091 3336; baseline -0.014 -22"><span class='ocrx_word' id='word_1_195' title='bbox 138 3248 231 3336; x_wconf 83' lang='lat' dir='ltr'><strong>cpd.</strong></span> <span class='ocrx_word' id='word_1_196' title='bbox 235 3245 338 3325; x_wconf 86' lang='lat' dir='ltr'><strong>vrrl,</strong></span> <span class='ocrx_word' id='word_1_197' title='bbox 363 3248 427 3329; x_wconf 84' lang='lat'><strong>89,</strong></span> <span class='ocrx_word' id='word_1_198' title='bbox 456 3241 539 3310; x_wconf 86' lang='lat' dir='ltr'><strong>fama</strong></span> <span class='ocrx_word' id='word_1_199' title='bbox 566 3242 767 3311; x_wconf 86' lang='lat' dir='ltr'><strong>nobilitatus.</strong></span> <span class='ocrx_word' id='word_1_200' title='bbox 823 3239 952 3308; x_wconf 79' lang='lat' dir='ltr'><strong>Niciam</strong></span> <span class='ocrx_word' id='word_1_201' title='bbox 986 3253 1091 3314; x_wconf 84' lang='lat' dir='ltr'><strong>tamen</strong></span> 
     </span>
     <span class='ocr_line' id='line_1_28' title="bbox 138 3325 1090 3432; baseline -0.014 -13"><span class='ocrx_word' id='word_1_202' title='bbox 138 3355 174 3422; x_wconf 93' lang='lat' dir='ltr'><strong>in</strong></span> <span class='ocrx_word' id='word_1_203' title='bbox 212 3326 275 3418; x_wconf 83' lang='lat' dir='ltr'><strong>huc</strong></span> <span class='ocrx_word' id='word_1_204' title='bbox 311 3364 395 3416; x_wconf 87' lang='lat' dir='ltr'><strong>certe</strong></span> <span class='ocrx_word' id='word_1_205' title='bbox 430 3349 643 3432; x_wconf 84' lang='lat' dir='ltr'><strong>anteponebat</strong></span> <span class='ocrx_word' id='word_1_206' title='bbox 674 3347 829 3428; x_wconf 76' lang='lat' dir='ltr'><strong>Laches,</strong></span> <span class='ocrx_word' id='word_1_207' title='bbox 865 3345 952 3428; x_wconf 91' lang='lat' dir='ltr'><strong>quod</strong></span> <span class='ocrx_word' id='word_1_208' title='bbox 986 3325 1090 3408; x_wconf 87' lang='lat' dir='ltr'><strong>erudi-</strong></span> 
     </span>
     <span class='ocr_line' id='line_1_29' title="bbox 137 3447 1089 3546; baseline -0.014 -22"><span class='ocrx_word' id='word_1_209' title='bbox 137 3458 258 3524; x_wconf 89' lang='lat' dir='ltr'><strong>tionem</strong></span> <span class='ocrx_word' id='word_1_210' title='bbox 287 3469 319 3520; x_wconf 90' lang='lat' dir='ltr'><strong>et</strong></span> <span class='ocrx_word' id='word_1_211' title='bbox 338 3455 578 3546; x_wconf 78' lang='lat' dir='ltr'><strong>philosophiam</strong></span> <span class='ocrx_word' id='word_1_212' title='bbox 609 3452 791 3536; x_wconf 79' lang='lat' dir='ltr'><strong>attigisset,</strong></span> <span class='ocrx_word' id='word_1_213' title='bbox 814 3447 916 3522; x_wconf 86' lang='lat' dir='ltr'><strong>Lucb</strong></span> <span class='ocrx_word' id='word_1_214' title='bbox 949 3466 983 3527; x_wconf 90' lang='lat' dir='ltr'><strong>p.</strong></span> <span class='ocrx_word' id='word_1_215' title='bbox 1003 3449 1089 3526; x_wconf 74' lang='lat'>180,</span> 
     </span>
     <span class='ocr_line' id='line_1_30' title="bbox 135 3551 1089 3650; baseline -0.013 -21"><span class='ocrx_word' id='word_1_216' title='bbox 135 3585 173 3650; x_wconf 87' lang='lat' dir='ltr'><strong>p.</strong></span> <span class='ocrx_word' id='word_1_217' title='bbox 208 3569 269 3646; x_wconf 76' lang='lat'><strong>187</strong></span> <span class='ocrx_word' id='word_1_218' title='bbox 297 3582 396 3644; x_wconf 72' lang='lat' dir='ltr'><strong>sqq..</strong></span> <span class='ocrx_word' id='word_1_219' title='bbox 426 3561 661 3628; x_wconf 81' lang='lat' dir='ltr'><strong>Laches-vero</strong></span> <span class='ocrx_word' id='word_1_220' title='bbox 697 3556 786 3622; x_wconf 90' lang='lat' dir='ltr'><strong>rudis</strong></span> <span class='ocrx_word' id='word_1_221' title='bbox 814 3551 955 3620; x_wconf 88' lang='lat' dir='ltr'><strong>omnium</strong></span> <span class='ocrx_word' id='word_1_222' title='bbox 987 3567 1089 3630; x_wconf 83' lang='lat' dir='ltr'><strong>paens</strong></span> 
     </span>
     <span class='ocr_line' id='line_1_31' title="bbox 135 3652 1103 3752; baseline -0.014 -18"><span class='ocrx_word' id='word_1_223' title='bbox 135 3683 282 3750; x_wconf 79' lang='lat' dir='ltr'><strong>reruma</strong></span> <span class='ocrx_word' id='word_1_224' title='bbox 309 3667 488 3752; x_wconf 88' lang='lat' dir='ltr'><strong>studiisque</strong></span> <span class='ocrx_word' id='word_1_225' title='bbox 516 3664 630 3746; x_wconf 82' lang='lat' dir='ltr'><strong>artium</strong></span> <span class='ocrx_word' id='word_1_226' title='bbox 659 3675 692 3728; x_wconf 89' lang='lat' dir='ltr'><strong>et</strong></span> <span class='ocrx_word' id='word_1_227' title='bbox 717 3657 933 3738; x_wconf 78' lang='lat' dir='ltr'><strong>doctrinarum</strong></span> <span class='ocrx_word' id='word_1_228' title='bbox 964 3652 1103 3734; x_wconf 56' lang='lat' dir='ltr'><strong>alienus⁸</strong></span> 
     </span>
     <span class='ocr_line' id='line_1_32' title="bbox 134 3757 1105 3858; baseline -0.03 -9"><span class='ocrx_word' id='word_1_229' title='bbox 134 3788 241 3848; x_wconf 75' lang='lat' dir='ltr'><strong>essere</strong></span> <span class='ocrx_word' id='word_1_230' title='bbox 259 3770 305 3844; x_wconf 86' lang='lat' dir='ltr'><strong>cf.</strong></span> <span class='ocrx_word' id='word_1_231' title='bbox 327 3793 362 3844; x_wconf 87' lang='lat' dir='ltr'><strong>v.</strong></span> <span class='ocrx_word' id='word_1_232' title='bbox 379 3793 411 3842; x_wconf 86' lang='lat' dir='ltr'><strong>c.</strong></span> <span class='ocrx_word' id='word_1_233' title='bbox 436 3791 473 3858; x_wconf 66' lang='lat' dir='ltr'><strong>p,</strong></span> <span class='ocrx_word' id='word_1_234' title='bbox 495 3787 569 3855; x_wconf 83' lang='lat'><strong>194.</strong></span> <span class='ocrx_word' id='word_1_235' title='bbox 597 3769 748 3839; x_wconf 81' lang='lat' dir='ltr'><strong>Fortasse</strong></span> <span class='ocrx_word' id='word_1_236' title='bbox 764 3757 1105 3842; x_wconf 62' lang='lat' dir='ltr'><strong>lacedaemoniorum¹</strong></span> 
     </span>
     <span class='ocr_line' id='line_1_33' title="bbox 644 3871 1089 3936; baseline -0.007 0"><span class='ocrx_word' id='word_1_237' title='bbox 644 3871 677 3936; x_wconf 88' lang='lat' dir='ltr'>T</span> <span class='ocrx_word' id='word_1_238' title='bbox 1012 3879 1089 3933; x_wconf 80' lang='lat' dir='ltr'><strong>cru·</strong></span> 
     </span>
    </p>
   </div>
   <div class='ocr_carea' id='block_1_3' title="bbox 0 0 1426 4682">
    <p class='ocr_par' dir='ltr' id='par_1_3' title="bbox 0 0 1426 4682">
     <span class='ocr_line' id='line_1_34' title="bbox 0 0 1426 4682; baseline 0 5"><span class='ocrx_word' id='word_1_239' title='bbox 0 0 1426 4682; x_wconf 95' lang='lat' dir='ltr'><strong> </strong></span> 
     </span>
    </p>
   </div>
  </div>
 </body>
</html>
