2874 4684
5 1211 24 1330 4

1076 442 1126 536 a·

160 669 241 740 ibid
263 678 297 729 et
318 651 469 724 Wollus
493 644 532 713 ad
550 645 673 710 euml.
697 657 732 720 p.
756 653 811 719 ιι
853 633 1044 700 Persuasum
1049 603 1135 700 mie

165 779 199 843 hi
218 785 270 839 est
288 755 501 834 laudationem
521 751 607 816 illam
630 751 726 832 plane
753 741 932 828 egregiam,
953 761 1027 806 cum
1050 759 1123 806 ver-

164 883 270 950 biset
295 865 447 938 orationis
478 855 696 933 luminibus,
702 866 770 916 turn
797 849 924 916 virtutis
958 866 1121 918 commen-

165 981 293 1054 datione
326 972 449 1040 fuisse:
485 983 597 1034 verum
626 973 755 1027 constat
789 957 876 1024 aliud
909 955 973 1022 dici
1002 975 1122 1038 saepe,

167 1088 254 1158 aliud
280 1080 356 1166 agi,
387 1093 471 1156 nec,
507 1068 565 1152 qui
595 1067 748 1136 uirtutem
781 1061 939 1144 laudarit,
973 1061 1125 1129 virtutem

170 1195 323 1265 continuo
345 1182 505 1253 coluisse·
528 1191 628 1260 porro
659 1167 828 1250 Sophistas
847 1172 887 1235 de
912 1168 1009 1236 variis
1027 1169 1124 1234 rebus

169 1306 203 1370 in
224 1287 539 1386 utramquepartem
568 1277 775 1362 disputasse,
807 1286 845 1337 ut
872 1272 900 1338 si
923 1275 1124 1342 honestatem
1221 1303 1223 1308 ·

172 1411 267 1494 ejus,
291 1397 440 1485 quoniam
459 1403 591 1458 ornatur
608 1383 647 1449 ab
667 1399 705 1446 eo
724 1379 898 1459 honestas,
923 1379 1129 1461 probareve

170 1516 293 1593 limus,
324 1509 378 1575 tali
410 1503 548 1581 ἐπιδείξει
587 1489 722 1561 nimium
752 1483 900 1571 profecto
935 1486 1126 1554 tribuamus.

170 1621 261 1689 Plato
279 1628 364 1680 certe
390 1609 461 1676 de
452 1605 557 1691 rpsius
583 1595 731 1666 moribus
759 1611 826 1659 non
852 1593 1039 1661 honorifice
1051 1614 1126 1663 sen·

170 1727 234 1808 sit,
259 1738 291 1790 et
321 1717 410 1803 quod
425 1707 564 1780 disertis
591 1706 644 1772 alii
672 1700 780 1773 verbis
802 1697 1020 1782 tradiderunt,
1043 1703 1127 1768 mol·¹

169 1837 233 1900 lem
252 1847 324 1896 eum
343 1838 375 1890 et
394 1815 615 1900 voluptarium
630 1809 753 1890 fuisse,
773 1805 856 1872 idem
867 1819 1002 1890 ‚neque
1019 1809 1129 1877 admo.

172 1939 249 2006 dum
267 1925 421 2012 obscure,
443 1923 597 1994 indicavit
613 1921 742 2000 Protag.
769 1932 803 1996 p
824 1927 899 1994 315.
914 1911 964 1978 C.
989 1919 1129 1998 Πράδικοο

173 2045 218 2112 ἔτι
236 2044 389 2111 κατέκειτο
411 2029 678 2116 {amensamens
697 2029 728 2092 ἔκ
753 2021 862 2094 audiere
882 2023 942 2090 τισὶ
964 2024 1015 2089 eal
1041 2026 1130 2108 οτροι·
1206 2071 1209 2078 .

176 2173 252 2232 aaut
271 2149 321 2216 κοιὶ
344 2147 436 2230 μάλα
455 2149 599 2214 colaris·
624 2133 668 2201 cf.
691 2131 768 2196 Ast.
792 2128 862 2194 1.’1.
894 2147 929 2211 p.
949 2147 1004 2214 71.
1048 2130 1130 2195 Por.

179 2271 219 2318 ro
245 2269 313 2315 non
342 2251 410 2313 sine
437 2265 532 2312 causa
565 2233 736 2308 Heindorf.
767 2236 806 2307 ad
839 2235 965 2320 Protag.
997 2256 1031 2320 p.
1051 2239 1130 2320 484.

176 2356 367 2440 'suspicatur
391 2350 605 2435 appellatione
632 2344 760 2412 Tantali
783 2340 925 2408 hominis
942 2341 1028 2424 tangi
1057 2360 1129 2408 ava-

179 2461 294 2533 ritiam.
341 2460 428 2526 Nam
451 2473 565 2524 avarus
593 2453 743 2539 profecto
767 2448 853 2533 fuit,
878 2450 972 2533 cujus
998 2445 1131 2514 interio-

178 2593 228 2640 res
243 2570 406 2638 doctrinae
423 2582 570 2634 recessus
591 2560 722 2630 nonnisi
743 2559 853 2645 grandi
872 2560 978 2624 soluta
996 2556 1133 2640 pecunia

178 2682 351 2766 patebant3
377 2675 549 2757 quamuis,
571 2693 614 2741 ne
635 2671 758 2738 scilicet
785 2673 881 2736 ullam
898 2678 1057 2746 ,quaestus
1086 2663 1135 2728 fa.

181 2783 286 2852 ciendi
304 2781 458 2847 rationem
471 2779 662 2861 omitteret,
687 2776 878 2842 mediocrem
897 2770 1065 2836 mediocris
1083 2769 1134 2836 in.

176 2877 360 2958 stitutionis
379 2885 555 2951 mercedem
573 2887 742 2952 statuebat.
789 2883 875 2948 Hinc
891 2861 1038 2947 Socrates
1055 2876 1135 2945 Cra·

173 3002 310 3082 tylp.
331 2981 405 3082 384.
430 2994 476 3074 B,
499 2997 526 3063 el
553 2997 609 3084 μὲν
636 2989 707 3075 οὖν,
740 2987 868 3072 inquit,
893 2991 953 3070 lya
981 2988 1163 3066 aladen-1

183 3111 259 3205 ιιδοιο
277 3109 432 3206 τοοορ
388 3105 528 3185 Προδίκου
552 3105 610 3180 τὴν
629 3097 951 3181 πεντηκοντάδραχμον
973 3095 1136 3177 laidrado,

175 3214 223 3292 ,ἣν
240 3215 416 3282 eirou'aarar
407 3211 549 3294 arama
572 3211 638 3292 accpi
654 3215 741 3278 τοῦτο
757 3207 997 3286 τετοιδουοθοιι,
1016 3203 1055 3278 dc
1073 3209 1137 3286 Φι·

177 3346 234 3390 τοι
246 3324 371 3398 ἐκεῖνοι,
392 3320 472 3388 οὐδὲν
488 3319 527 3385 aa
546 3315 659 3384 ἐκώλυέ
674 3345 709 3388 τε
725 3321 840 3386 αὐτίκα
857 3317 950 3397 palsas
966 3305 1115 3378 εἰδέναι
1083 3329 1139 3380 τοι

185 3427 330 3504 basilecam
342 3426 405 3508 aspi
417 3409 569 3508 dacremus
578 3425 745 3508 ὀρθότητος
757 3429 808 3491 νῦν
818 3426 896 3490 δὲ·
867 3448 918 3490 οοκ
934 3419 1065 3492 annm,
1077 3413 1136 3478 ὶλ·

118 3591 125 3602 =
174 3535 283 3603 ’λὰ
249 3559 305 3610 τήν
304 3536 514 3616 δραχμιαίαν
530 3530 737 3614 canavariae,
756 3539 799 3607 τῆ
817 3555 891 3598 nora
902 3529 936 3594 τὸ
953 3519 1059 3595 ἀληθὲς
1071 3516 1138 3598 ἔχει

181 3640 250 3722 τοι)
272 3641 494 3720 τῶντοιούτων.
516 3637 645 3704 Prodici
660 3639 856 3723 discipulum
874 3636 1022 3700 Socrates
1044 3622 1138 3689 etiarn
1230 3705 1232 3708 Ι

180 3749 257 3815 alibi
280 3765 318 3812 se
338 3747 528 3828 profitetur,
551 3745 720 3828 Protagor.
744 3764 780 3826 p.
804 3761 878 3827 341
902 3741 947 3804 A.
973 3731 1138 3800 Charmid.

181 3856 317 3940 p.163
341 3856 398 3939 D,
431 3850 677 3920 Grammaticam
707 3847 854 3912 docentis
889 3859 1000 3914 artem.
1055 3843 1140 3908 Nam

726 3951 766 4017 M
1067 3953 1141 4022 nul·
