2824 4688
347 383 410 485 ιιι
765 381 908 460 ἰ...-

359 600 429 664 ιιι,
454 563 542 670 quod
564 596 630 652 erut
649 576 857 652 Archilochi·
893 576 1013 648 Verum
1028 577 1124 666 ‘apud
1140 578 1314 656 fabularum

362 704 510 756 auctores
530 707 592 756 tam
612 693 752 778 insignes
784 707 887 774 partes
913 690 1005 772 vulpi
1032 689 1098 758 dati
1127 685 1255 774 suunt,
1278 711 1313 760 ut

362 792 444 862 nihil
469 797 582 890 mirum
611 799 674 877 sit,
699 799 726 864 si
752 799 849 863 bestia
878 799 929 864 illa
952 802 1036 880 apud
1056 817 1251 892 utromque,
1276 802 1313 868 li

352 907 417 969 det
433 885 476 966 'in
507 881 640 966 dimisis
666 902 839 985 apologis,
857 901 964 970 fuerit
987 913 1190 991 memoretur
1207 907 1311 975 neut-

350 1023 430 1076 'eam
461 1009 530 1096 ipsa
557 1010 698 1074 Platonis
723 1019 760 1074 et
783 1009 1010 1095 Aristophanis
1040 1014 1136 1078 verba
1164 1015 1242 1080 satis
1265 1015 1311 1080 in·

350 1117 462 1183 dicare
492 1133 558 1180 non
586 1113 718 1180 deuna
756 1117 929 1204 'eademque
956 1116 1063 1183 fabula
1102 1119 1137 1183 in
1164 1117 1204 1183 ils
1232 1119 1311 1185 locis

347 1222 426 1311 ·igi.
488 1223 585 1292 Certe
631 1204 822 1286 Archilochi
851 1213 1024 1304 fabulae,
1072 1237 1228 1306 quatenus
1270 1243 1309 1290 err

349 1332 386 1400 ·.l
408 1335 434 1400 l.
457 1326 685 1414 cognoscimus
702 1327 825 1410 ipsam,
849 1329 995 1394 eodem
984 1349 1056 1416 pure
1087 1328 1202 1395 similis
1226 1327 1311 1396 dica-

357 1453 414 1508 tur
444 1444 581 1536 Arsorr
609 1441 723 1516 μῦθοι,
756 1436 788 1500 in
820 1453 885 1515 quo
911 1435 998 1502 leoni
1026 1439 1143 1519 vulpes
1180 1435 1313 1521 objicie-

351 1547 440 1625 uae,
455 1529 507 1608 se
534 1539 717 1606 intrantium
750 1535 879 1621 quidem
918 1543 1026 1608 videre
1062 1542 1217 1626 vestigia,
1258 1561 1311 1609 er·

357 1649 501 1717 errntium
526 1667 593 1714 non
620 1647 739 1717 videre.
760 1649 869 1716 Alcib.
889 1652 915 1712 l.
947 1664 981 1729 p.
1002 1663 1073 1713 rau.
1096 1648 1137 1714 E
1182 1649 1313 1714 Proice

348 1763 392 1823 't'o
409 1761 589 1838 potuerunt
617 1751 709 1818 facile
738 1755 892 1822 confundi
914 1753 1114 1820 diversorum
1132 1751 1312 1822 ·hominum

357 1860 512 1944 astrologi,
537 1861 565 1926 si
589 1860 720 1955 quidem!
736 1860 909 1926 traditione
933 1857 1064 1939 potius,
1088 1873 1190 1940 quam·-
1208 1859 1312 1942 scrip·

348 1989 394 2040 ‘to
422 1973 461 2037 ad
487 1984 638 2053 posteros
662 1980 896 2052 pervenerunt:
933 1983 1037 2046 quae,
1068 1963 1208 2045 opinor,
1240 1983 1313 2030 serr·

357 2081 457 2150 tentia
483 2095 531 2145 est
557 2074 692 2158 Bentlejl
718 2073 752 2139 in
774 2071 865 2138 Diss.
896 2072 935 2136 de
970 2069 1100 2136 Fabulis
1129 2061 1253 2156 Aesopi
1281 2090 1315 2142 et

350 2193 445 2255 'certe
467 2183 585 2249 Wolfii
607 2184 640 2250 iri
662 2182 843 2265 Prolegom.
868 2177 908 2241 ad
932 2179 1063 2242 Homer.
1109 2178 1312 2264 Quamquam

348 2269 497 2360 'Socratis
515 2293 577 2376 jani
598 2303 699 2354 aetate
715 2286 866 2354 credibile
891 2298 962 2365 est,
986 2282 1195 2352 collectiones
1212 2285 1314 2353 fuisse

349 2379 390 2464 'et
413 2394 601 2462 Archilochi
626 2409 658 2459 et
682 2393 805 2474 Aesopi
834 2391 1033 2456 fabularum:
1067 2387 1113 2456 cf.
1139 2395 1311 2476 Wyttenb.

347 2499 574 2573 ·adlhledon.
598 2521 633 2584 p.
657 2520 717 2583 124
727 2519 743 2572 ι,
763 2500 796 2566 in
816 2497 933 2580 quibus
954 2509 1056 2562 tamen
1082 2489 1163 2579 ipsis
1181 2499 1313 2581 utrique

257 2589 259 2598 Δ
347 2611 462 2680 ·eadem
494 2608 650 2676 interdum
682 2605 803 2672 fuerint
821 2603 1000 2686 adscripta.
1045 2604 1090 2672 At
1114 2601 1168 2668 vix
1198 2603 1314 2670 verisi-

348 2720 431 2786 mile
457 2730 515 2782 est·
534 2713 698 2780 Socratem
726 2709 884 2797 ejusmodi
910 2707 1088 2793 exemplar,
1111 2721 1183 2776 cunt
1211 2731 1314 2794 quos·

347 2829 429 2894 'dam
457 2825 719 2906 Aesopi-'pellam
753 2815 901 2884 versibus
928 2817 1091 2900 alligaret,
1125 2816 1312 2888 incarcere

356 2931 528 3000 habuisse:
553 2929 602 3002 orie
620 2935 788 3014 προχεΙριυς
807 2924 912 3010 sixte,
935 2921 1067 3005 inquit,¹
1096 2925 1148 2992 eol
1176 2928 1314 3002 imerii·

348 3051 417 3122 'ull
445 3037 553 3117 pellor
572 3034 641 3105 rubr
665 3039 833 3131 Airdrov',
847 3035 967 3100 ’τούτων
996 3031 1146 3111 lucinae,
1168 3028 1210 3105 oie
1229 3035 1313 3115 xpri·

346 3160 418 3218 'cort
442 3143 592 3221 ἐνέτυχον.
624 3137 782 3206 Phaedon.
804 3140 858 3204 61.
883 3138 921 3206 B.
965 3138 1121 3222 Adagium
1142 3143 1201 3214 ciro
1224 3157 1313 3208 λεον·

351 3260 414 3324 γῆν
435 3243 598 3321 liliisne,
618 3243 744 3328 Cratyl.
771 3265 806 3328 p.
823 3261 903 3323 411.
926 3243 996 3325 A.‚
1023 3264 1061 3311 ex
1080 3245 1187 3314 fabula
1205 3249 1315 3316 Aeso·

348 3373 417 3443 'pea
436 3354 609 3420 derivatum
627 3369 702 3442 esse
719 3349 881 3416 Heindorf
901 3353 940 3418 ad
962 3354 1099 3436 Cratyl..
1119 3375 1155 3438 p.
1174 3373 1232 3439 92.
1254 3375 1314 3422 an·

356 3461 582 3532 notate-idem
613 3457 652 3523 ad
680 3457 813 3524 Phaedr.
846 3477 885 3542 p.
905 3471 979 3546 3343
1012 3475 1104 3545 putat
1136 3463 1168 3530 in
1197 3464 1310 3533 verbis

359 3573 486 3649 λῦγιτιι
512 3573 584 3648 γοῦν
606 3563 723 3658 δίκαιον
758 3563 831 3632 εἶναι
867 3569 918 3634 καὶ
953 3570 987 3634 τὸ
1014 3573 1069 3634 τοῦ
1100 3571 1193 3639 λύκον
1216 3575 1315 3637 elfere

351 3670 526 3740 Phaedri,
524 3695 560 3758 p:
571 3681 654 3753 ayt.
665 3671 720 3736 Ο.
748 3667 865 3754 respici
893 3673 1031 3758 eiusdeni
1057 3677 1296 3760 Apologuors

349 3779 600 3862 Sequuntur
623 3773 760 3860 Aesopi
786 3775 956 3860 aequales
965 3777 1101 3864 poitur,
1132 3787 1186 3846 aut
1219 3788 1314 3848 certe

412 3902 417 3914 ·
767 3910 773 3920 ·
1233 3901 1323 3969 pau
