2874 4684
545 361 657 427 Ξ
1031 341 1127 490 79δ

128 553 373 652 quaestionibus
385 541 750 630 abstrusisetimpeditis
757 544 912 630 jactarent
921 545 1082 634 peritiam,

128 689 157 742 et
175 669 292 740 eximie
309 674 506 730 uocarentur
523 653 712 738 sophistae3
737 656 833 720 altera
849 653 931 719 vero'
940 654 1085 722 contine.

127 798 173 850 ret
192 797 279 857 eos,
305 769 364 852 qui
388 764 554 850 propiores
574 758 753 826 oratoribus
778 761 962 843 eloquentia
985 763 1087 829 maxi·

124 909 175 956 me
202 901 238 952 et
264 874 407 946 artificiis
437 867 560 935 dicendi
593 865 754 932 tradendis
782 865 948 932 hominum
981 868 1087 936 studia

129 997 342 1070 occuparent.
388 978 551 1060 Deinceps
570 973 609 1039 de
625 961 772 1056 utrisque
788 987 820 1039 ct
839 971 995 1055 peculiari
1016 976 1089 1057 qui·

133 1099 209 1164 dem
234 1092 267 1158 iu
288 1084 438 1156 sectione
463 1083 580 1149 dicam.
625 1081 717 1168 Quas
736 1079 834 1164 fuerit
855 1079 990 1146 docendi
1009 1078 1091 1146 ratio

136 1196 360 1284 sophistarum
376 1209 394 1254 e
411 1187 568 1255 sententia
583 1186 749 1269 Platonis,
771 1185 921 1270 exposuit
938 1185 989 1252 De
1004 1183 1093 1252 Geer

138 1307 175 1372 in
204 1301 313 1371 Diatr.
334 1301 362 1364 1.
394 1295 479 1376 Cap.
499 1293 527 1359 Ι.
558 1291 596 1360 S.
620 1307 654 1359 ι.

321 1577 323 1584 ,
406 1609 848 1670 ΑΜ·-

297 1911 601 2009 ssctto
673 1909 940 1993 anton.

260 2167 308 2234 De
327 2171 392 2250 iis3
424 2170 480 2252 qui
500 2168 613 2234 eximie
633 2161 787 2232 dt'cuntur
807 2163 987 2256 Sophistaa'

149 2429 243 2572 Hi
270 2512 461 2580 quamquam
481 2496 611 2565 virtutis
639 2512 671 2564 et
700 2496 873 2584 sapientiae
898 2498 1047 2572 doctores
1072 2519 1109 2572 sa

156 2607 411 2692 profitebantur,
435 2604 468 2672 in
486 2603 713 2690 philosophiae
733 2605 978 2690 studiis'parum
996 2622 1110 2678 curan·

156 2728 228 2793 tes,
252 2712 332 2800 qipd
351 2730 462 2776 verum
481 2707 586 2796 esse't,
601 2714 743 2779 rationes
757 2726 880 2778 tantum
900 2715 1111 2798 indagabant,

160 2819 279 2901 quibus
310 2815 511 2894 eloquentiae
527 2823 651 2888 laudem
672 2835 703 2887 et
724 2817 932 2900 subtilitatis,
956 2818 1113 2902 ‘captioni-

163 2925 226 2991 bus
253 2922 346 2990 etiam
368 2937 400 2986 et
418 2920 573 3009 fallaciis,
596 2930 867 3010 adsequerentu13
894 2925 1018 3014 exiguis
1035 2931 1114 2998 ve'ro

158 3033 277 3102 finibus
312 3047 418 3099 totum
445 3033 753 3102 circumscribebant
784 3025 940 3100 virtutum
974 3055 1114 3122 meum,

160 3157 202 3206 ut
231 3142 354 3208 scilicet
390 3161 441 3208 res
473 3139 637 3212 familiaris
666 3156 697 3208 et
721 3137 850 3224 publica
879 3141 959 3209 bene
984 3144 1116 3214 admini-

161 3264 338 3315 straretur:
361 3250 488 3333 Protag.
517 3270 553 3334 p.
569 3253 646 3336 318.
666 3249 712 3315 Ε.
745 3247 814 3331 περί
841 3274 877 3316 τε
903 3252 963 3319 τᾶν
980 3253 1117 3330 oletlee,

161 3353 244 3428 ὅπως
277 3356 314 3423 su
339 3355 452 3440 sptem
480 3359 537 3436 tlte
562 3361 656 3443 abath
688 3355 786 3426 οἰκίαν
811 3357 933 3438 διοικοῖ,
965 3355 1016 3422 καὶ
1052 3355 1119 3436 περὶ

164 3465 227 3529 τῶν
254 3469 309 3538 ’τῆς
334 3467 470 3544 πόλεως,
501 3463 580 3548 ὅπως
603 3466 645 3532 τὰ
675 3471 731 3539 τῆς
761 3463 877 3539 πόλεως
906 3457 1118 3535 &maceratos

164 3570 208 3638 ἂν
239 3568 288 3643 ein
313 3571 360 3636 sal
387 3569 605 3650 πράττεινκαὶ
639 3570 754 3645 alno.

209 3673 288 3740 Hoc
298 3671 377 3740 dicit
389 3675 444 3741 ille
458 3675 527 3758 ipse
541 3681 806 3751 rhoetienses,
828 3669 884 3750 qui
897 3664 1122 3748 Sophistarum

167 3779 259 3848 duxit
276 3799 403 3866 agmen.
427 3781 554 3848 Abdera
573 3779 749 3861 oriundus,
766 3775 907 3860 Rep.X.
931 3793 969 3858 p.
979 3777 1057 3845 6οο.
1077 3777 1123 3858 C,

150 3883 154 3890 '
1061 3885 1129 3951 De·
