2836 4692
235 743 257 786 ι,
280 701 317 772 In
342 702 538 772 Graecorum
562 719 677 790 gente,
703 721 802 787 quum
830 688 1021 789 egymnicis
1049 717 1138 772 exer-

178 807 216 898 ·4,
234 803 467 894 citationibus,
491 805 586 878 simul
609 811 853 895 cunr·.corporis
880 813 1019 894 robore,
1042 809 1137 882 animi

191 924 220 1002 ,‚'
235 920 327 986 etiam
354 917 716 1002 constantia-quaedam
742 937 778 986 ac
813 915 970 986 fortitudo
994 936 1137 988 «contra.

193 1072 214 1107 „
236 1027 388 1092 heretur:
425 1045 443 1090 e
468 1026 598 1092 musicis
630 1037 735 1089 autem
770 1023 1016 1108 certaminibus,
1038 1027 1136 1112 simui

192 1176 214 1215 „
235 1151 308 1197 cum
342 1130 437 1199 animi
472 1131 705 1214 temperantia,
736 1129 957 1214 humanitate,
990 1135 1136 1217 pudore,
1224 1141 1226 1146 ’

190 1239 352 1324 „ingenii
377 1241 471 1306 etiam
497 1236 722 1318 tractabilitas,
751 1233 948 1320 liberalitas,
982 1240 1137 1324 elegantia

191 1393 217 1429 „
235 1346 427 1430 duceretur,
452 1361 483 1413 et
514 1346 542 1412 si
568 1345 646 1428 quid
672 1345 788 1416 velex
814 1341 879 1409 illis
905 1346 995 1414 crudi
1021 1347 1135 1414 durive

191 1498 212 1533 ‚,
235 1446 407 1534 c'o'ntrabi,
424 1453 491 1521 vel]
508 1451 560 1518 ex·
574 1451 625 1518 his
649 1450 950 1518 delicatiimollisve
985 1451 1137 1520 duci'.'vi·

192 1602 214 1638 „
237 1555 389 1636 debatur,
409 1560 499 1641 justo
530 1557 562 1623 id
592 1574 686 1624 omne
710 1551 1024 1640 temperamento-ad
1049 1573 1135 1626 sunt·

187 1705 210 1744 „
232 1679 326 1726 mam·
340 1661 526 1725 misceretur
554 1661 830 1744 concinnitatem
864 1683 903 1730 ex
929 1665 990 1730 hac
1016 1665 1135 1732 utrius·

185 1811 209 1850 „
230 1783 292 1845 que
323 1763 404 1856 ¹artis
437 1763 665 1847 conjunctione
699 1766 734 1832 in
766 1770 854 1832 nulla
893 1787 961 1831 non
996 1767 1134 1850 iuvenili

188 1919 210 1954 „
232 1885 338 1938 mente
372 1869 526 1935 existebat
566 1885 637 1934 acer
657 1877 660 1884 ’
680 1870 805 1952 quidam
845 1870 992 1952 idemque
1013 1885 1133 1937 ,certus

186 2022 210 2061 „
231 1993 304 2040 cum
333 1968 463 2040 honesti
491 1975 685 2058 decorique,
714 1988 782 2039 tum
809 1974 914 2064 pulcri
940 1975 1135 2056 vetustique

188 2091 368 2167 „sensura
393 2081 630 2162 quofnitnon·
645 2095 818 2162 magnum,
840 2084 1058 2163 praeclarum,
1082 2099 1136 2164 ge·

187 2233 208 2270 „
230 2204 404 2272 merosum,
428 2186 474 2253 nil
500 2205 567 2254 non
580 2225 581 2232 ι
596 2188 747 2269 elegans,
769 2183 989 2266 concinnum,
1012 2201 1131 2266 suave,
1181 2242 1184 2250 ,

186 2338 209 2375 ,,
231 2292 387 2358 continuo
413 2292 630 2374 agnoscebant
653 2293 895 2376 vehementique
913 2312 1020 2359 amore
1035 2313 1133 2364 ,com-

77 2468 80 2473 .
185 2446 207 2484 ‚,
229 2398 479 2485 plexabtntur.”
521 2398 647 2480 Heusd.
669 2398 714 2496 ¹in
736 2400 833 2482 Spec.
858 2399 945 2466 Crit.
975 2417 1011 2480 p.
1035 2397 1130 2467 XVI.

596 2539 702 2636 ιιι.

226 2736 281 2805 Si
298 2736 461 2818 Romani,
497 2731 697 2803 Graecorum
732 2734 779 2802 in
798 2721 905 2803 literis
936 2723 1136 2833 imitatores,

165 2851 257 2912 'cum'
286 2841 459 2927 magistris
474 2841 708 2923 conferentem
733 2861 923 2946 quamquam
948 2846 1013 2911 ab-
1004 2853 1134 2918 -εοιιιιιι-

180 2948 370 3014 excellentia
387 2948 464 3013 adeo
488 2950 609 3032 longe,
632 2949 756 3016 cunetis
770 2962 884 3036 prope
889 2951 932 3017 in
926 2933 1059 3038 tebu's,
1077 2955 1133 3022 ab-
1173 2943 1175 2948 ’

179 3069 281 3136 sunt,
312 3071 347 3120 ut
375 3055 444 3136 ipsa
479 3053 673 3137 comparatio
700 3054 851 3122 habere
842 3057 1020 3140 miquitatis
1050 3067 1135 3130 mul·

177 3181 250 3231 turn
278 3163 442 3263 videatur:
479 3163 536 3228 sed
562 3163 592 3226 si
618 3161 825 3230 conferantur
853 3179 982 3243 tamen,
1003 3164 1036 3229 in
1065 3166 1133 3247 pri
1206 3249 1209 3254 Ι

181 3271 247 3348 mis
274 3271 336 3337 hoc
360 3257 460 3338 teneri
486 3283 636 3390 oportet,
658 3268 874 3369 doctrinarum
894 3269 1041 3336 notitiam
1061 3271 1134 3338 Ro·

181 3397 250 3446 rnae
270 3370 397 3462 quidem
417 3373 678 3460 paucissimorum
692 3358 824 3442 numero
844 3371 1026 3442 conclusam
1050 3370 1133 3444 suis·
1171 3363 1174 3369 ’

180 3499 237 3567 se3
261 3481 295 3550 in
327 3481 473 3551 Graecia
488 3503 565 3550 veto
593 3479 790 3562 maximeque
813 3479 898 3564 apud
918 3478 1132 3567 'Athenienses

81 3645 83 3650 .
183 3587 402 3656 incredibilem
438 3584 640 3656 humanitatis
672 3601 784 3670 atque
799 3583 992 3700 elegantiae
998 3583 1129 3658 sensum

185 3689 310 3761 totam
337 3693 477 3774 civitate
491 3688 656 3804 diffusum
669 3685 841 3806 fuisses

885 3765 887 3774 '
926 3765 931 3798 ²
1008 3765 1141 3913 ἰιι
