2874 4684
298 376 367 452 trs
701 359 825 442 ΕΞ

292 581 409 634 numen
429 558 508 642 avi,
531 573 569 628 ut
585 558 748 645 Cephalus
765 554 884 641 gessit,
906 554 971 634 ita,
993 572 1080 626 more
1099 559 1242 637 Graecia·

291 670 441 752 solenni,
461 668 593 753 Lysiam
611 685 740 748 quoque
760 659 920 744 gessisse?
944 653 1098 736 Amabilis
1117 689 1226 758 senex,

290 793 365 846 curn
382 779 463 844 vitae
481 775 560 838 b'ene
575 783 659 834 actae
676 763 870 832 conscientia
886 783 1021 837 securus
1041 791 1143 855 esset,
1156 798 1227 847 mon

291 883 448 950 metuebat
465 889 617 954 mortem3
639 871 764 936 eandem
778 883 912 951 vegetus
927 886 958 937 et
977 882 1227 958 multorum-oh.

287 982 441 1054 serrantia
452 995 546 1057 atque
558 995 664 1042 amore
681 973 822 1056 gaudens
837 993 904 1040 non
921 979 1082 1061 cupiebat.
1105 1007 1142 1068 p.
1154 1011 1241 1074 330⁴,

192 1147 200 1156 ,
285 1092 329 1156 D.
347 1085 389 1150 Ε.
424 1081 596 1166 Quaeritur
614 1103 654 1150 an
674 1084 717 1150 sit
732 1083 838 1164 idem,
863 1103 957 1164 quem
974 1085 1009 1151 in
1033 1089 1232 1162 Parmenidis

284 1191 392 1271 initio,
404 1189 609 1258 Clazomenis
624 1210 696 1256 cum
711 1189 766 1255 diu
781 1189 975 1278 habitasset,¹
992 1194 1134 1262 Athenas
1151 1201 1230 1283 legi.

283 1320 354 1368 mus
374 1297 568 1383 proiectum.
609 1298 670 1379 Id,
697 1295 976 1382 quoniam'L'ysiae
996 1317 1113 1383 patrem
1130 1305 1234 1386 Syra·¹

283 1426 436 1475 cusanum
465 1401 566 1468 faisse
605 1417 729 1468 constat
761 1418 792 1468 et
822 1406 965 1472 Athenas
1000 1409 1074 1492 jam
1090 1408 1234 1494 Olymp.

285 1519 340 1580 80.
362 1515 405 1578 A
423 1529 455 1574 2.
487 1509 732 1592 commigrisse,
755 1507 878 1575 dubitat
899 1511 1072 1580 Heindorf.
1095 1518 1145 1582 ad
1154 1518 1228 1584 Par

282 1637 366 1683 men.
400 1633 434 1697 p.
462 1619 540 1692 187,
578 1613 690 1680 Astlus
727 1612 766 1677 de
804 1611 877 1679 Vita
908 1630 939 1680 et
967 1615 1038 1684 Ser
1074 1637 1111 1698 p.
1131 1640 1222 1700 244,

279 1736 385 1806 negat.
417 1721 531 1786 Fateor
549 1735 619 1794 me,
644 1714 788 1795 quamvis
809 1716 841 1785 in
864 1734 1006 1786 neutram
1030 1721 1223 1804 abeuntem

280 1829 315 1894 in
343 1821 471 1892 alteram
501 1823 700 1906 propendere
726 1838 871 1905 partem,
893 1844 965 1890 cum
985 1825 1018 1892 in
1042 1842 1223 1911 temporum

281 1933 408 2016 quidem
441 1928 605 1998 notatione
637 1927 728 1994 Plato
760 1933 862 1996 soleat
890 1951 956 1998 non
981 1933 1230 2016 diligentissime

280 2037 416 2118 versari,
430 2051 461 2103 et
480 2035 536 2102 vix
555 2031 704 2100 credibile
720 2037 777 2118 sit,
791 2039 819 2106 si
840 2039 998 2138 diversum
1015 2062 1033 2108 a
1052 2043 1220 2108 notissimo

281 2146 427 2228 Cephalo
446 2139 676 2222 intellexisset,
697 2145 881 2222 praesertim
904 2163 976 2212 cum
995 2149 1028 2215 in
1046 2164 1219 2231 utrumque

276 2243 526 2331 philosophandi
554 2246 692 2312 studium
723 2253 933 2338 conveniret,
966 2256 999 2322 id
1032 2258 1121 2324 illum
1154 2277 1220 2324 non

276 2347 426 2416 disertius
440 2339 696 2441 significaturum
711 2356 827 2428 fuisse.
862 2363 961 2446 Quod
976 2364 1004 2429 si
1019 2383 1101 2429 unus
1122 2363 1222 2428 idem·
1242 2435 1245 2440 ,

277 2479 339 2542 que
367 2456 399 2523 in
426 2450 531 2537 primo
561 2463 600 2524 de
627 2462 804 2542 Republica
825 2465 907 2530 libro
931 2481 961 2530 et
981 2467 1014 2530 in
1038 2464 1219 2529 Parmenide

277 2563 441 2646 Cephalus
466 2575 635 2641 occurrat,
664 2569 848 2632 subtilitatis
869 2573 998 2634 cumulo
1022 2567 1134 2650 ipsius
1149 2571 1222 2634 lau·

277 2674 332 2738 des
357 2653 530 2752 augentur3
555 2670 680 2749 quando
701 2691 771 2736 eum
801 2674 926 2754 quidem
947 2693 1003 2757 par
1025 2691 1073 2740 est
1101 2677 1222 2744 acutIs·

274 2782 390 2848 simum
416 2775 538 2855 fuisse,
561 2775 600 2840 ad
627 2795 719 2856 quern
746 2777 921 2860 disputatio
951 2780 1143 2846 Parmenidis
1165 2781 1220 2846 ab·

271 2901 382 2954 strusa
409 2881 555 2948 refertur.
578 2925 585 2936 ·
611 2881 706 2947 Duos
733 2899 854 2966 praeter
886 2884 1016 2967 Dysiam
1044 2885 1217 2952 habuitfi·

277 2989 362 3073 lios‚
394 2983 666 3056 aurnrnamum'
684 3005 715 3055 et
742 3010 1043 3078 romsuaacnum,
1079 3011 1214 3075 quorum

275 3103 351 3168 alter
369 3115 435 3164 non
457 3091 659 3176 displicuisse
686 3095 829 3179 Platoni,
862 3098 944 3182 Rep.
963 3101 990 3165 Ι.
1015 3119 1051 3181 p.
1068 3101 1147 3179 238,
1170 3099 1216 3163 ala

275 3204 440 3274 teretium
475 3198 632 3284 placuisse
665 3201 802 3269 videtur.-
847 3207 929 3270 Nam
962 3207 1110 3272 Socrates
1127 3225 1214 3274 ,cum

276 3312 348 3394 ipso
370 3309 509 3391 disputat
536 3305 633 3374 amice
655 3307 733 3374 ibid.
762 3328 796 3391 p.
818 3328 892 3392 332.
910 3329 1005 3393 seqq.
1049 3315 1089 3379 ln
1114 3314 1215 3382 Phae

274 3418 333 3484 dto
354 3437 390 3500 p.
405 3436 479 3498 257.
495 3415 535 3479 Β.
565 3417 729 3495 τετράφθαι
749 3413 865 3480 dicitur
883 3419 932 3484 tet
950 3421 1134 3503 Φιλοσοφίαν
1152 3419 1216 3488 fra·

274 3521 381 3600 trique
396 3518 586 3605 proponitur
599 3519 715 3602 Lysiae
732 3520 772 3585 ad
789 3519 987 3590 imitandum.
1018 3524 1113 3590 Hunc
1130 3525 1214 3594 eninr

275 3627 498 3709 philosophiae
517 3624 619 3710 copiis
641 3623 832 3716 instructum
859 3627 986 3698 uberius
1014 3632 1139 3700 dicendi
1158 3641 1212 3713 ge»

268 3743 339 3848 nus
350 3733 504 3816 consequi
514 3730 683 3818 potuisse3
703 3751 788 3807 nuuc
797 3749 880 3806 vero
892 3757 959 3811 non
976 3740 1096 3812 modo
1086 3752 1213 3822 agnora-

264 3849 267 3858 ’
1149 3836 1215 3905 tio·
