2874 4684
588 387 710 461 Ε·-
1080 397 1123 470 81

157 582 273 670 imas
294 580 496 662 Theaet.'p.
519 589 595 662 152.
616 575 669 657 A,
696 589 856 650 notatam.
880 599 918 650 ut
936 578 1050 662 ‘monet
1070 584 1118 651 ibi

156 689 335 774 Heindorf.
385 707 421 770 p.
452 705 542 770 313,
576 683 663 766 Lug.
688 683 750 751 IV.
781 707 817 768 p.
837 692 914 769 716.
948 693 1000 759 C:
1033 695 1048 761 ὃ
1080 697 1116 774 tt

157 804 219 875 isia
248 798 322 878 apta
350 793 468 862 rima
491 791 597 873 adrat}
620 790 659 858 ἂν
685 791 729 871 ain
764 795 929 878 admota,
944 798 1002 866 *aul
1034 802 1115 870 πολὺ

157 899 315 990 palatui
340 895 395 964 rai
419 921 488 975 rra,
508 895 546 972 ὅς
575 905 693 980 varra,
716 900 878 983 ἄνθρωπος.
921 906 1113 990 Protagoras

160 1013 288 1077 decreto
310 1021 369 1068 suo
390 999 557 1084 spectabat
575 1001 641 1084 id,
654 1019 690 1071 ut
719 1009 895 1077 secundum
916 1010 1115 1081 Heraclitum

160 1113 263 1182 omnia
282 1113 415 1187 fierent,
438 1124 506 1172 nou
532 1121 663 1188 essent,
694 1127 732 1178 et
742 1114 775 1180 in
792 1129 945 1197 perpetua
961 1119 1112 1186 mutatio·

159 1241 233 1292 num
272 1217 354 1288 serie
381 1227 596 1282 versarentur.
631 1215 856 1299 Quamobrem.
873 1223 965 1290 Plato
987 1239 1115 1292 senten-

157 1329 233 1398 tiam
258 1330 328 1413 ejus
341 1341 417 1390 cum
435 1321 469 1387 in
487 1320 612 1402 Cratyl.
636 1339 673 1400 p.
689 1324 751 1402 385
768 1339 869 1404 sqq„
890 1339 960 1391 tum
981 1331 1116 1398 maxima
1149 1376 1153 1387 .

162 1437 301 1520 explosit
317 1436 351 1502 in
372 1430 558 1508 Theaeteto,
580 1425 776 1505 ostendens,
792 1427 850 1493 hac
865 1429 1023 1516 admissa,
1044 1455 1119 1509 om·,

158 1561 216 1610 nes
234 1559 333 1626 aeque
351 1523 511 1621 sapientes
537 1551 632 1616 esse,
658 1536 768 1602 nullos
789 1552 858 1600 esse
880 1558 978 1622 posse
996 1543 1114 1626 magis.

157 1665 247 1730 tros,
266 1649 374 1716 nullos
396 1644 600 1728 discipulos3
626 1641 689 1708 hoc
703 1661 783 1709 uero
800 1645 852 1710 vel
881 1645 1012 1712 maxime
1034 1647 1112 1714 ridi.

152 1759 260 1822 culum
286 1775 383 1838 esse,
416 1754 507 1836 quod
528 1753 721 1834 Protagoras
744 1769 802 1817 sua
826 1749 929 1833 ipsius
954 1755 1111 1822 sententia

152 1847 381 1943 damnaretur,¹
397 1863 455 1945 qui
476 1877 675 1930 caeterorum
689 1877 835 1942 ,eorum
860 1857 953 1926 etiam
973 1861 1030 1942 qui
1052 1862 1113 1930 im.

151 1970 325 2052 probarent
349 1983 380 2034 et
403 1969 576 2036 illuderent
594 1967 724 2052 ipsum,
744 1963 917 2032 sententias
937 1980 1018 2038 ratas
1036 1988 1111 2036 cen·
1227 1957 1230 1964 ’

150 2091 235 2142 seret
255 2095 339 2161 esse.
372 2073 427 2143 Cf.
451 2076 485 2144 in
504 2077 618 2163 primis
638 2076 775 2142 Theaet.
798 2087 920 2156 p.179.
939 2071 984 2136 A.
997 2071 1037 2138 Β.
1060 2074 1104 2140 C.

152 2181 254 2246 Aliud
273 2184 467 2266 Protagorae
493 2186 669 2270 placitum,
697 2201 756 2250 seu
775 2176 894 2263 potius
912 2176 1116 2260 Sophisma,

151 2285 361 2367 impugnatur
379 2290 514 2359 Theaet.
543 2314 579 2372 p.
604 2295 662 2376 187
681 2309 786 2371 sqq.,
809 2285 936 2368 Cratyl.
954 2305 1036 2374 429.
1054 2287 1105 2374 D.
1221 2287 1224 2292 '
1331 2375 1335 2385 y

149 2412 256 2475 sqq.,
280 2389 518 2472 frequentatum
540 2407 651 2474 postea
679 2393 815 2475 multis,
838 2399 890 2461 orla
910 2393 984 2462 eluar
1007 2399 1105 2480 ψευδῆ
1158 2479 1160 2489 y

149 2501 304 2584 δοξάζειν,
333 2501 401 2568 οὐδὲ
433 2499 556 2579 λέγειν
591 2496 634 2565 ef.
659 2496 796 2563 Theaet.
820 2497 893 2578 167.
917 2500 963 2565 D.
998 2500 1104 2582 Soph.
1165 2581 1171 2596 .

152 2623 185 2687 p.
206 2609 283 2674 260.
318 2604 367 2672 C:
402 2604 458 2687 qui
489 2604 580 2685 atyn
609 2603 750 2670 Socratis
782 2602 930 2688 judicio,
955 2603 1102 2688 Euthyd.

151 2732 185 2795 p.
210 2713 287 2777 28⁶.
310 2713 364 2793 C,
388 2713 561 2794 ἀνατρέπων
580 2712 650 2784 ratis
673 2735 706 2778 aa
729 2709 839 2783 ἄλλους
858 2697 908 2776 nat
931 2711 1024 2782 atala
1045 2711 1106 2774 ati-

138 2821 221 2897 τὸν,
245 2835 283 2882 ex
306 2832 416 2900 arguta
437 2819 613 2886 sententiae
628 2817 849 2886 Parmenideae
867 2813 1113 2895 interpretatio·.

149 2924 415 3004 reducebatur,
439 2921 586 3006 Sophistr
619 2946 653 3011 p.
677 2945 753 3009 2³7·
777 2923 820 2989 Α.
867 2922 905 2990 In
925 2921 976 2990 his
1005 2921 1104 3008 igitur

148 3052 214 3103 non
228 3030 373 3117 parcitur
389 3021 475 3116 ipsi3
492 3051 551 3100 nec
569 3053 626 3102 cur
634 3033 833 3118 Protagorae,
841 3028 1009 3101 admodum
1028 3051 1102 3115 par·

21 3157 26 3184 t
93 3203 97 3220 ,
146 3155 298 3220 caretur,
330 3157 422 3206 causa
448 3138 523 3210 fuit.
577 3143 663 3210 Nam
690 3157 722 3208 et
749 3153 901 3224 quaestus
928 3136 1098 3220 aviditate,
1189 3211 1197 3234 ο

149 3245 376 3340 (rturoog.
399 3255 527 3333 psall.
546 3250 587 3317 B.
610 3251 653 3317 C.
678 3249 778 3333 Diog.
801 3245 1100 3338 Lairt.1X.5a),

148 3367 183 3418 ⁸²
210 3352 384 3437 arr⁰ssantia
405 3355 491 3424 haud
520 3359 674 3427 mediocri
697 3373 763 3424 erat
789 3351 946 3436 insiguis3
971 3345 1098 3429 opinio·

145 3479 291 3540 numque
316 3459 445 3543 fautor,
470 3483 551 3545 quae
576 3463 675 3532 falsae
705 3477 838 3528 atvero
865 3452 1101 3542 perniciosissi-

143 3585 217 3632 mae
238 3582 354 3634 essent.
379 3567 540 3636 Virtutem
560 3590 626 3636 non
647 3587 783 3651 prorsus
801 3566 960 3640 exsulare,
977 3573 1008 3626 at
1026 3578 1096 3626 esse
1177 3622 1179 3627 .

147 3669 318 3738 ancillulae
335 3668 454 3756 instar,
481 3691 513 3740 et
529 3691 619 3756 ,opes
640 3673 793 3758 colligere
811 3661 1096 3748 voluptatibusque

145 3775 324 3848 ministrare
338 3776 449 3864 jussit.
494 3777 620 3848 Primus
642 3795 719 3858 prae
740 3772 871 3844 retulit
894 3769 1094 3857 doctrinam,

658 3880 688 3950 L
1043 3895 1100 3944 cu·
