2824 4688
567 367 681 446 Ἐ
1042 389 1107 497 ιι

139 585 176 658 cl
193 585 250 672 ἔξω
268 587 331 657 ebt
344 583 518 680 reputem
529 579 665 649 Theaet.
676 599 712 664 p.
730 595 805 672 143.
818 583 864 652 C.
885 587 1043 671 Συιρὶης
1059 593 1097 662 ,ν
1214 617 1217 632 ι

140 693 221 772 εἶδος
243 691 501 777 romaniane.
521 689 671 774 Sympos.
693 693 869 774 pals-B.
901 692 1098 765 Deformita-

140 813 210 867 tem
228 795 379 881 corporis
400 789 529 864 domitus
546 791 642 861 animi
665 793 850 878 ingeniique
869 803 1098 884 compensabat

140 907 288 976 abunde.
327 907 358 974 A
383 925 417 972 re
434 900 526 970 civili
555 913 588 964 et
609 921 628 967 a
649 901 813 986 negotiis,
836 890 933 974 animi
959 911 1100 992 quodam

141 1009 293 1100 judicio,
320 1007 538 1089 abhorrebat,
566 1013 604 1071 ut
631 1020 682 1072 est
710 1007 796 1090 apud
822 1012 898 1081 Cic.
925 1014 1102 1096 Oratelli.

139 1119 237 1206 Quae
255 1131 357 1184 tamm
374 1135 474 1201 pauca
492 1114 528 1182 in
546 1113 714 1197 republica
732 1115 856 1200 gessit,
875 1119 908 1184 ei
922 1120 1102 1193 nonorifica

140 1237 232 1291 sunt.
277 1222 415 1290 Strenue
431 1237 464 1288 et
480 1220 612 1288 fortiter
634 1220 807 1304 militavit,
829 1223 943 1309 Symp.
968 1241 1006 1313 p.
1019 1251 1098 1301 221.

140 1329 251 1399 Porto
274 1347 346 1396 nou.
360 1327 503 1394 hostium
524 1325 624 1412 magis
646 1323 803 1408 impetum
820 1331 982 1415 neglexit,
1005 1351 1101 1418 quam

148 1435 321 1506 concionis
357 1431 531 1500 concitatae
564 1432 723 1500 furorem.
782 1433 867 1500 Cum
903 1436 986 1505 enim
1023 1441 1101 1510 irata

150 1542 321 1611 multitudo
344 1539 558 1624 Imperatores
585 1538 706 1624 injuste
732 1536 878 1608 damnare
907 1546 1028 1626 vellet,
1050 1547 1102 1631 ip·

7 1657 9 1732 ξ
143 1669 180 1718 se
206 1661 312 1715 autem
343 1648 377 1715 in
402 1633 554 1716 Pmeuri's
574 1659 687 1725 esset,
720 1645 849 1727 negavit
873 1665 909 1713 se
939 1655 1099 1736 populum

7 1739 10 1800 f
140 1757 177 1826 iu
210 1756 357 1841 suffragia
382 1755 570 1822 missurum.
615 1751 691 1817 Huc
722 1751 863 1835 pertinet
890 1757 983 1825 locut
1011 1760 1101 1828 Gor·

7 1935 8 1960 χ
142 1863 208 1950 gia·
231 1883 265 1948 p.
278 1881 353 1948 424.
375 1863 419 1928 A.
454 1865 506 1929 obe
527 1861 593 1940 alul
621 1867 886 1941 rueretrueret,
916 1865 969 1932 aa)
992 1869 1098 1952 tellum

140 1973 302 2057 βουλεύειν
327 1969 457 2051 λαχὸν,
480 1967 580 2044 intulit
608 1969 734 2052 ἡφυλῆ
761 1969 1015 2048 remeatremeat
1040 1975 1099 2046 ἔδει
1233 1959 1239 1972 ’

142 2105 185 2165 με
213 2079 430 2164 ἐπιψηφίζειν,
452 2075 578 2158 pltare
603 2081 748 2154 παρεῖχον
775 2075 1100 2160 talliationem

135 2189 357 2272 ’ἕπιψιφιζειυ
401 2180 459 2249 cf.
481 2178 646 2264 Luzacin
675 2175 851 2260 Disquislt.
870 2177 910 2244 de
925 2177 1043 2264 'Epist
1064 2199 1102 2251 ac

144 2286 287 2358 moeur.
310 2301 386 2371 post
407 2285 495 2352 Orat.
515 2283 556 2350 de
576 2283 710 2350 Socrate
731 2285 828 2353 Cive.
854 2303 889 2368 p.
912 2299 987 2372 123.
1031 2289 1101 2374 Et,
1149 2338 1155 2350 r

137 2394 261 2482 'prouti
288 2391 414 2477 plebis,
437 2388 481 2455 ita
507 2407 564 2455 nec
587 2403 797 2473 tyrannorum
816 2389 989 2462 vindictam
1010 2399 1101 2485 turpi

142 2503 235 2572 facto
256 2499 382 2586 cffugit:
407 2499 484 2580 aed,
501 2517 598 2581 quum
615 2516 633 2563 a
649 2495 779 2582 triginta
799 2497 870 2566 istis
888 2501 1033 2571 delectus
1052 2485 1104 2572 ea·

144 2621 219 2691 set,
233 2609 290 2691 qui
306 2625 488 2699 aeouruu
508 2604 733 2687 Salaminium,
752 2607 934 2676 divitiarum
949 2626 1028 2693 ergo
1044 2629 1103 2678 rre-

145 2717 310 2795 candum,
331 2711 476 2779 Athenas
503 2713 698 2796 adduceret3
723 2733 834 2782 eorum
855 2719 949 2802 jussu
973 2713 1103 2796 profem

145 2839 202 2890 tus
219 2839 286 2890 non
305 2835 374 2899 est,
396 2833 431 2885 at
450 2815 543 2884 rediit
556 2819 706 2888 domurn:
731 2837 768 2887 ut
787 2835 893 2888 narrat
912 2821 982 2902 ipse
996 2818 1103 2899 Apol.

146 2929 182 2997 S.
199 2951 235 3014 p.
252 2944 307 3012 32.
326 2927 371 2994 C·
383 2919 425 2992 D.
446 2921 558 2991 acerbe
569 2925 603 2993 in
617 2926 769 2995 Melitum
780 2972 791 3006 ,
804 2923 926 3010 quippe
943 2941 1042 3009 quum
1058 2921 1108 2990 fa·

135 3037 238 3101 uilem
259 3033 313 3099 hic
332 3031 464 3098 sceleris
482 3047 553 3099 oeae
576 3036 757 3105 ministrum
781 3030 992 3116 praebuisset.
1023 3031 1103 3120 Quo

140 3141 231 3208 'niam
248 3141 287 3206 de
306 3137 449 3206 Socratis
469 3139 566 3206 rebus
590 3140 691 3224 gestis
715 3141 815 3206 multa
839 3139 925 3223 apud
939 3139 1105 3207 Platonem

135 3255 294 3330 'exstant,
313 3246 418 3314 brevis
438 3263 508 3312 esse
528 3263 649 3330 cogore
675 3246 731 3312 sed
749 3243 795 3313 cf.
814 3245 854 3311 de
870 3244 920 3312 his
940 3245 1052 3313 Lunae
1070 3244 1105 3308 iu

147 3355 279 3424 Oratl.
300 3353 422 3421 Virtuti
442 3351 526 3421 nihil
538 3367 752 3435 anteponens,
766 3350 844 3418 boni
861 3371 898 3419 ac
919 3349 1025 3436 pulcri
1041 3366 1103 3415 no-

144 3461 291 3543 tionem,
304 3463 553 3548 tatuepraoloeu,
574 3455 726 3526 omnibus
744 3453 839 3521 dictis
857 3471 890 3524 et
907 3455 1010 3524 factis-
1021 3451 1106 3517 refe·

142 3569 263 3651 rebat3
286 3587 317 3635 et
341 3587 413 3634 cum
437 3570 477 3634 ad
500 3586 644 3644 normam
663 3565 750 3631 illam
771 3573 886 3632 cuncta
905 3561 945 3626 ab
969 3575 1008 3621 eo
1029 3563 1105 3623 exa·

142 3677 363 3757 minarentur,
381 3693 515 3745 necesse
533 3687 597 3739 erat
616 3672 769 3754 pleraque
792 3669 869 3736 huie
887 3664 1014 3747 regulae
1038 3677 1105 3736 nott

140 3784 333 3856 convenire,
348 3774 746 3871 Itaquo,·utpopulacium
759 3791 865 3844 mores
876 3781 1039 3841 uictorum
1053 3771 1107 3844 in·
1162 3779 1166 3786 ’

1046 3899 1108 3946 no·
