2824 4688
142 621 151 634 ⁰
180 595 320 672 'triade
342 599 399 678 talu
420 593 485 674 yria
505 591 565 662 ἄπ’
585 593 675 662 icit!
694 589 851 670 adletas·
874 597 911 674 ἣν
929 595 962 669 ll
981 609 1099 672 mmm

225 709 442 790 temptarer,
463 704 590 778 ἀπολεῖς
610 697 664 766 aui
686 702 737 768 rit
758 701 847 769 idaco
867 703 951 783 adet,

135 939 170 990 et
198 917 309 1004 piures
336 920 485 999 leguntur
515 909 616 996 ipsius
642 933 756 980 versus
784 933 823 982 eo
851 913 953 1000 loco,
978 935 995 986 e
1023 939 1095 991 sex·

134 1027 239 1094 centis
266 1043 354 1102 uno,
376 1021 410 1088 in
432 1020 555 1105 quibus
582 1019 671 1086 Plato
700 1021 867 1102 poetarum
895 1024 1090 1094 carminibus

134 1131 250 1200 festive
268 1126 445 1196 abutitur.·
528 1161 533 1170 ·

18 1247 24 1289 l
149 1321 154 1330 ¹
175 1239 261 1305 Nam
277 1217 321 1302 ne'
337 1248 532 1300 srmournes
554 1225 680 1314 quidem
700 1230 872 1300 verborum
888 1253 1018 1306 suorum
1039 1242 1089 1310 in-

128 1341 392 1428 terpretationem
419 1357 473 1408 aut
501 1340 584 1406 illam
605 1330 838 1421 probavisseta'
857 1359 937 1418 quae
962 1345 1089 1427 profer.

17 1399 19 1528 i
130 1463 187 1516 tur
213 1449 299 1532 Rep.
318 1447 345 1514 I.
376 1468 412 1531 p.
434 1465 509 1527 331.
533 1464 611 1526 sqq.
636 1439 694 1506 ubi
715 1441 755 1505 de
781 1445 958 1528 sententia,
981 1451 1025 1518 let
1051 1455 1086 1522 tl

129 1557 173 1623 ccl
200 1553 381 1636 ὀφειλόμενα
400 1553 521 1636 ἑκάστῳ
541 1549 735 1627 aetatula,
759 1550 870 1618 iiuada
897 1554 986 1633 tort,
1018 1554 1085 1622 dis·
1182 1563 1185 1572 “

123 1669 278 1740 putaturt
309 1672 362 1722 aut
391 1675 484 1739 eam,
518 1677 599 1740 quae
626 1655 784 1741 insignem
810 1655 940 1742 Dialogi
970 1657 1085 1728 Prota·

17 1807 18 1816 κ
121 1783 218 1849 gorae
237 1778 359 1846 partem
384 1780 542 1850 occupat:
568 1783 605 1846 p·
624 1781 737 1848 339-
750 1783 827 1848 347.
871 1762 972 1850 Quod
995 1765 1081 1834 enim

120 1873 242 1939 dixerat
268 1872 302 1938 in
330 1871 502 1952 carmine,
533 1871 625 1954 cujus
661 1861 844 1952 complures
873 1887 985 1938 versus
1018 1873 1081 1940 ibi·

118 1979 188 2044 dem
226 1975 436 2044 inveniuntur
465 1979 590 2043 solutae
617 1971 757 2039 orationi
785 1973 915 2039 admixti
928 1979 973 2042 'et
1002 1996 1081 2046 con·

115 2082 222 2151 stituti
244 2084 284 2149 ab
304 2083 489 2152 Hermanno
516 2081 550 2147 in
578 2077 655 2146 edit.
677 2075 808 2160 Protag.
833 2067 1014 2149 Heindorfii
1036 2105 1074 2168 p.

116 2197 200 2272 598.
233 2210 312 2272 sq.‚
343 2193 387 2260 δὴ
418 2190 511 2268 ἄνδρα
539 2185 655 2262 ἀγαθὸν
682 2183 740 2262 μὲν
770 2184 906 2258 ἀλαθέως
935 2188 1075 2266 :cariadae

112 2298 287 2378 χαλεπὸν,
304 2291 466 2361 ¹materiem
484 2291 614 2376 praebet
635 2291 801 2369 ἐπιδείξεως
819 2289 1013 2378 Protagorae
1043 2311 1075 2364 et

114 2399 265 2478 Socrati,
289 2400 341 2465 cui
360 2401 439 2468 πάνυ
470 2400 626 2479 ἐτύγχανε
645 2400 817 2477 μεμιληκδς
843 2407 895 2469 coir
916 2403 1071 2489 ᾄσματος.

108 2528 145 2590 p.
167 2527 251 2592 339.
274 2506 322 2590 B;
354 2505 493 2590 Hippias
523 2518 654 2586 quoque
680 2501 812 2571 affirmat
833 2506 897 2574 sibi
921 2527 991 2576 esse
1019 2511 1073 2580 ad·
1177 2577 1186 2586 ,

107 2639 162 2698 you
179 2616 248 2698 rell
268 2619 362 2684 αὐτοῦ
384 2611 418 2682 εὖ
438 2613 566 2700 ἔχοντα.
591 2626 627 2689 p·
650 2626 724 2691 347.
748 2609 795 2677 A.
838 2611 937 2698 Quod
958 2617 986 2680 si
1001 2634 1070 2682 car·

107 2721 194 2790 mina
222 2722 293 2805 ejus
318 2719 396 2784 adeo
424 2714 590 2784 hominum
617 2732 672 2779 ore
693 2713 957 2796 celebrabantur,
979 2731 1016 2782 ut
1033 2718 1067 2784 in

105 2823 155 2891 his
183 2822 391 2907 potissimum
419 2819 613 2906 explicandis
645 2821 817 2905 Sophistae
850 2819 1065 2900 eloquentiam
1141 2875 1148 2892 .

104 2945 134 2996 et
163 2929 381 2997 subtilitatem
412 2940 574 2994 ostentare
599 2943 815 3008 conarentur3
843 2923 899 2992 vix
932 2927 1065 2997 dubium

102 3050 174 3116 est,
200 3027 339 3118 quinio
366 3026 569 3116 principibus
597 3033 762 3118 poetarum
790 3029 987 3100 Graecorum
1011 3034 1063 3102 si·

103 3139 252 3209 monides
271 3151 358 3204 recte
376 3137 566 3216 censeatur,
588 3137 652 3204 imo
676 3159 743 3207 non
760 3138 912 3226 indignus
928 3142 1060 3228 ¹fuerit,

102 3243 163 3326 qui
189 3245 334 3310 Homero
366 3259 397 3309 et
418 3243 565 3310 Hesiodo
595 3237 838 3332 adjungeretur:
867 3248 995 3340 Protag.
1021 3273 1059 3338 p.

98 3353 181 3433 316.
206 3349 255 3414 D.
298 3348 457 3436 Exemplo
478 3365 539 3418 suo
561 3351 672 3419 docuit
698 3356 765 3428 robe
791 3358 902 3437 σοφοὺς
928 3358 978 3424 itrl
997 3361 1059 3430 cde

96 3463 160 3526 cciv
190 3460 337 3528 vacarias
364 3464 451 3544 tom
474 3463 551 3529 litat
575 3471 608 3524 et
630 3457 757 3526 videtur
782 3458 963 3524 Simonides
987 3477 1059 3522 esse

94 3564 231 3634 ὃταῧτο
259 3569 523 3649 κομψευσάμενος,
557 3576 595 3627 ut
632 3579 681 3630 est
716 3561 881 3646 Rep.V1.
916 3565 1063 3648 1³·4890·

96 3664 299 3736 Sententiam
334 3669 546 3748 eniminum,
571 3667 744 3734 multorum
770 3676 958 3740 consensu.
978 3662 1059 3732 faci·

95 3773 158 3845 lius
180 3775 295 3845 tribuo
323 3775 411 3864 ipsi,
436 3794 531 3876 quam
553 3771 751 3940 Scholgastae
770 3764 956 3838 anctoritate
982 3768 1055 3840 Eu·

992 3877 1053 3948 bu·
